2092 3438
679 705 736 762 T.
781 704 1089 763 LUORETI
1133 704 1302 761 CARI

420 844 563 910 DE
625 844 1025 911 RERUM
1085 843 1559 911 NATURA

755 998 934 1042 LIBER
965 997 1228 1042 TERTIUS.

277 1239 316 1283 E
347 1239 540 1284 tenebris
571 1239 710 1283 tantis
741 1243 832 1284 tam
863 1241 1028 1284 clarum
1058 1239 1264 1283 extollere
1295 1238 1442 1282 lumen

279 1312 355 1368 qui
384 1313 552 1369 primus
583 1313 770 1369 potuisti
800 1312 1040 1356 inlustrans
1072 1311 1296 1355 commoda
1327 1310 1464 1368 uitae,

280 1385 324 1426 te
355 1398 532 1443 sequor,
562 1400 588 1428 o
622 1384 778 1428 Graiae
810 1385 953 1442 gentis
986 1385 1133 1442 decus,
1164 1384 1295 1440 inque
1326 1383 1415 1425 tuis
1445 1397 1560 1425 nunc

277 1456 380 1499 ficta
409 1457 568 1514 pedum
598 1471 714 1513 pono
745 1458 907 1513 pressis
938 1457 1126 1514 uestigia
1158 1455 1314 1514 signis,

152 1537 174 1569 5
277 1541 368 1570 non
397 1527 461 1571 ita
492 1528 684 1571 certandi
714 1528 895 1585 cupidus
929 1544 1059 1585 quam
1089 1530 1268 1584 propter
1299 1542 1490 1570 amorem

279 1599 395 1656 quod
425 1602 470 1643 te
500 1599 665 1643 imitari
696 1615 821 1644 aueo:
855 1601 960 1658 quid
991 1601 1107 1644 enim
1137 1599 1369 1643 contendat
1398 1599 1586 1642 hirundo

277 1671 441 1729 cycnis,
473 1673 550 1714 aut
582 1671 788 1728 quidnam
819 1672 1018 1715 tremulis
1049 1672 1188 1715 facere
1220 1671 1402 1714 artubus
1431 1671 1559 1714 haedi

277 1741 501 1787 consimile
532 1743 579 1786 in
610 1758 740 1786 cursu
770 1744 942 1800 possint
973 1747 1018 1787 et
1047 1744 1176 1787 fortis
1209 1744 1310 1799 equi
1339 1743 1439 1786 uis?

278 1816 348 1874 tu,
377 1817 520 1874 pater,
550 1831 596 1859 es
627 1831 772 1859 rerum
802 1816 1025 1874 inuentor,
1055 1819 1106 1859 tu
1136 1816 1279 1872 patria
1308 1815 1437 1858 nobis

130 1898 175 1930 10
277 1887 529 1944 suppeditas
559 1891 807 1947 praecepta,
839 1889 1013 1945 tuisque
1045 1903 1113 1946 ex,
1144 1888 1324 1945 inclute,
1356 1887 1538 1946 chartis,

277 1958 480 2003 floriferis
512 1962 563 2003 ut
593 1975 696 2017 apes
727 1961 775 2003 in
805 1961 992 2004 saltibus
1025 1961 1170 2004 omnia
1199 1959 1359 2016 libant,

278 2031 424 2075 omnia
452 2046 533 2075 nos
564 2032 716 2075 itidem
747 2033 1018 2090 depascimur
1051 2047 1180 2076 aurea
1211 2032 1344 2090 dicta,

278 2118 426 2162 aurea,
455 2107 665 2161 perpetua
697 2120 866 2162 semper
898 2105 1155 2163 dignissima
1186 2105 1290 2147 uita.

275 2190 378 2218 nam
408 2175 540 2219 simul
570 2191 620 2219 ac
650 2177 764 2220 ratio
796 2180 874 2221 tua
903 2178 1046 2234 coepit
1077 2177 1307 2221 uociferari

130 2257 174 2290 15
277 2250 480 2291 naturam
509 2263 673 2306 rerum,
706 2249 854 2293 diuina
884 2252 1028 2293 mente
1059 2252 1226 2307 coorta,

276 2319 512 2378 diffugiunt
543 2321 677 2364 animi
708 2324 914 2378 terrores,
945 2322 1116 2365 moenia
1145 2321 1295 2364 mundi

277 2391 520 2451 discedunt,
549 2396 695 2436 totum
726 2394 852 2438 uideo
882 2410 960 2451 per
990 2394 1118 2438 inane
1149 2393 1243 2451 geri
1273 2407 1353 2436 res.

275 2467 455 2521 apparet
486 2465 634 2509 diuom
664 2481 826 2509 numen
857 2466 1064 2523 sedesque
1096 2465 1285 2522 quietae,

276 2551 384 2593 quas
413 2551 555 2594 neque
585 2538 842 2581 concutiunt
873 2538 995 2581 uenti
1025 2552 1104 2581 nec
1133 2538 1285 2581 nubila
1315 2537 1475 2580 nimbis

126 2618 173 2651 20
276 2612 513 2666 aspergunt
543 2624 683 2666 neque
714 2610 790 2652 nix
823 2611 910 2653 acri
941 2612 1141 2654 concreta
1171 2610 1328 2666 pruina

275 2694 381 2724 cana
410 2681 564 2724 cadens
596 2681 736 2724 uiolat
767 2697 1020 2739 semperque
1050 2682 1274 2725 innubilus
1306 2681 1455 2724 aether

275 2752 452 2812 integit,
481 2756 526 2796 et
556 2754 675 2811 large
707 2753 864 2797 diffuso
896 2754 1061 2797 lumine
1091 2755 1252 2797 rident:

277 2825 421 2868 omnia
452 2825 702 2882 suppeditat
732 2841 862 2882 porro
895 2829 1071 2884 natura,
1101 2841 1241 2883 neque
1271 2826 1361 2868 ulla

275 2911 345 2939 res
377 2897 510 2940 animi
540 2912 689 2953 pacem
721 2897 884 2940 delibat
915 2900 1111 2953 tempore
1141 2898 1189 2940 in
1218 2897 1322 2940 ullo.

126 2978 173 3011 25
277 2970 323 3010 at
354 2970 505 3011 contra
536 2983 751 3026 nusquam
782 2971 991 3025 apparent
1022 2968 1261 3012 Acherusia
1292 2969 1472 3025 templa,

223 3089 242 3121 1
269 3085 299 3122 Ε
325 3086 463 3133 Ιι(αῑ1>ι
496 3085 527 3122 Ο
553 3087 590 3122 Α
613 3087 762 3123 schedae
794 3087 962 3132 Vindob.,
985 3088 1076 3131 fehlt
1099 3088 1189 3123 BN
1283 3091 1302 3122 7
1330 3086 1472 3133 cycniis
1497 3087 1533 3123 Α
1628 3091 1669 3123 11
1697 3087 1848 3124 limant:

124 3133 218 3170 verb.
238 3134 457 3181 Av(ancius)
550 3138 595 3170 15
621 3136 837 3171 coortamA
862 3137 1031 3171 coartam
1056 3135 1110 3171 B:
1137 3137 1230 3171 verb.
1254 3135 1378 3171 Orelli.
1471 3140 1514 3170 21
1536 3147 1609 3180 que
1634 3139 1783 3182 erycinzt
1801 3137 1848 3172 It.

126 3185 172 3217 22
197 3180 324 3218 rident
347 3182 516 3218 Lachm.:
542 3182 643 3219 ridet

196 3248 361 3276 Lucretius
380 3257 407 3276 v.
426 3250 458 3275 Η
458 3255 563 3277 uuuuu
1543 3248 1560 3278 1
