<?xml version="1.0" encoding="UTF-8"?>
<!DOCTYPE html PUBLIC "-//W3C//DTD XHTML 1.0 Transitional//EN"
    "http://www.w3.org/TR/xhtml1/DTD/xhtml1-transitional.dtd">
<html xmlns="http://www.w3.org/1999/xhtml" xml:lang="en" lang="en">
 <head>
  <title>
</title>
<meta http-equiv="Content-Type" content="text/html;charset=utf-8" />
  <meta name='ocr-system' content='tesseract 3.04.00' />
  <meta name='ocr-capabilities' content='ocr_page ocr_carea ocr_par ocr_line ocrx_word'/>
</head>
<body>
  <div class='ocr_page' id='page_1' title='image "./dererumnaturabuc00lucruoft/dererumnaturabuc00lucruoft_0042.png"; bbox 0 0 2092 3438; ppageno 0'>
   <div class='ocr_carea' id='block_1_1' title="bbox 332 214 1853 258">
    <p class='ocr_par' dir='ltr' id='par_1_1' title="bbox 332 214 1853 258">
     <span class='ocr_line' id='line_1_1' title="bbox 332 214 1853 258; baseline 0.001 -7"><span class='ocrx_word' id='word_1_1' title='bbox 332 216 389 258; x_wconf 86' lang='lat'>30</span> <span class='ocrx_word' id='word_1_2' title='bbox 521 216 561 251; x_wconf 89' lang='lat' dir='ltr'>T.</span> <span class='ocrx_word' id='word_1_3' title='bbox 588 215 796 252; x_wconf 84' lang='lat' dir='ltr'>LUORETI</span> <span class='ocrx_word' id='word_1_4' title='bbox 821 214 932 250; x_wconf 85' lang='lat' dir='ltr'><strong>CARI</strong></span> <span class='ocrx_word' id='word_1_5' title='bbox 957 215 1020 250; x_wconf 89' lang='lat' dir='ltr'>DE</span> <span class='ocrx_word' id='word_1_6' title='bbox 1045 215 1218 251; x_wconf 85' lang='lat' dir='ltr'><strong>RERUM</strong></span> <span class='ocrx_word' id='word_1_7' title='bbox 1243 215 1445 251; x_wconf 85' lang='lat' dir='ltr'><strong>NATURA</strong></span> <span class='ocrx_word' id='word_1_8' title='bbox 1470 215 1614 251; x_wconf 78' lang='lat' dir='ltr'>LIBER</span> <span class='ocrx_word' id='word_1_9' title='bbox 1637 215 1853 252; x_wconf 84' lang='lat' dir='ltr'>TERTIUS.</span> 
     </span>
    </p>
   </div>
   <div class='ocr_carea' id='block_1_2' title="bbox 331 324 1781 2299">
    <p class='ocr_par' dir='ltr' id='par_1_2' title="bbox 331 324 1781 2299">
     <span class='ocr_line' id='line_1_2' title="bbox 485 324 1659 380; baseline 0 -14"><span class='ocrx_word' id='word_1_10' title='bbox 485 327 559 366; x_wconf 88' lang='lat' dir='ltr'>aut</span> <span class='ocrx_word' id='word_1_11' title='bbox 590 325 720 367; x_wconf 88' lang='lat' dir='ltr'>etiam</span> <span class='ocrx_word' id='word_1_12' title='bbox 751 338 984 380; x_wconf 89' lang='lat' dir='ltr'>properans</span> <span class='ocrx_word' id='word_1_13' title='bbox 1015 324 1166 366; x_wconf 91' lang='lat' dir='ltr'>urbem</span> <span class='ocrx_word' id='word_1_14' title='bbox 1195 325 1306 380; x_wconf 89' lang='lat' dir='ltr'>petit</span> <span class='ocrx_word' id='word_1_15' title='bbox 1337 327 1466 380; x_wconf 89' lang='lat' dir='ltr'>atque</span> <span class='ocrx_word' id='word_1_16' title='bbox 1497 324 1659 367; x_wconf 85' lang='lat' dir='ltr'>reuisit.</span> 
     </span>
     <span class='ocr_line' id='line_1_3' title="bbox 480 394 1781 453; baseline -0.001 -15"><span class='ocrx_word' id='word_1_17' title='bbox 480 396 562 438; x_wconf 87' lang='lat' dir='ltr'>hoc</span> <span class='ocrx_word' id='word_1_18' title='bbox 593 410 637 438; x_wconf 89' lang='lat' dir='ltr'>se</span> <span class='ocrx_word' id='word_1_19' title='bbox 669 395 850 451; x_wconf 87' lang='lat' dir='ltr'>quisque</span> <span class='ocrx_word' id='word_1_20' title='bbox 879 394 1005 437; x_wconf 91' lang='lat' dir='ltr'>modo</span> <span class='ocrx_word' id='word_1_21' title='bbox 1037 395 1216 452; x_wconf 80' lang='lat' dir='ltr'>fugitat,</span> <span class='ocrx_word' id='word_1_22' title='bbox 1247 410 1391 453; x_wconf 84' lang='lat' dir='ltr'>quem,</span> <span class='ocrx_word' id='word_1_23' title='bbox 1422 395 1601 452; x_wconf 84' lang='lat' dir='ltr'>scilicet,</span> <span class='ocrx_word' id='word_1_24' title='bbox 1631 398 1680 437; x_wconf 91' lang='lat' dir='ltr'>ut</span> <span class='ocrx_word' id='word_1_25' title='bbox 1711 396 1781 452; x_wconf 87' lang='lat' dir='ltr'>fit,</span> 
     </span>
     <span class='ocr_line' id='line_1_4' title="bbox 481 466 1652 523; baseline 0 -15"><span class='ocrx_word' id='word_1_26' title='bbox 481 467 666 523; x_wconf 84' lang='lat' dir='ltr'>effugere</span> <span class='ocrx_word' id='word_1_27' title='bbox 696 466 803 508; x_wconf 87' lang='lat' dir='ltr'>haut</span> <span class='ocrx_word' id='word_1_28' title='bbox 834 466 951 522; x_wconf 91' lang='lat' dir='ltr'>potis</span> <span class='ocrx_word' id='word_1_29' title='bbox 982 468 1064 509; x_wconf 90' lang='lat' dir='ltr'>est:</span> <span class='ocrx_word' id='word_1_30' title='bbox 1096 467 1278 523; x_wconf 86' lang='lat' dir='ltr'>ingratis</span> <span class='ocrx_word' id='word_1_31' title='bbox 1308 466 1456 508; x_wconf 89' lang='lat' dir='ltr'>haeret</span> <span class='ocrx_word' id='word_1_32' title='bbox 1487 469 1529 508; x_wconf 91' lang='grc'>013</span> <span class='ocrx_word' id='word_1_33' title='bbox 1562 466 1652 509; x_wconf 92' lang='lat' dir='ltr'>odit</span> 
     </span>
     <span class='ocr_line' id='line_1_5' title="bbox 334 537 1667 594; baseline 0.001 -15"><span class='ocrx_word' id='word_1_34' title='bbox 334 548 424 580; x_wconf 79' lang='lat'>1070</span> <span class='ocrx_word' id='word_1_35' title='bbox 479 540 723 594; x_wconf 81' lang='lat' dir='ltr'>propterca,</span> <span class='ocrx_word' id='word_1_36' title='bbox 753 537 895 579; x_wconf 88' lang='lat' dir='ltr'>morbi</span> <span class='ocrx_word' id='word_1_37' title='bbox 927 537 1026 592; x_wconf 88' lang='lat' dir='ltr'>quia</span> <span class='ocrx_word' id='word_1_38' title='bbox 1057 552 1228 580; x_wconf 85' lang='lat' dir='ltr'>causam</span> <span class='ocrx_word' id='word_1_39' title='bbox 1257 552 1347 579; x_wconf 87' lang='lat' dir='ltr'>non</span> <span class='ocrx_word' id='word_1_40' title='bbox 1376 540 1493 593; x_wconf 80' lang='lat' dir='ltr'>tenet</span> <span class='ocrx_word' id='word_1_41' title='bbox 1524 552 1667 594; x_wconf 85' lang='lat' dir='ltr'>aeger3</span> 
     </span>
     <span class='ocr_line' id='line_1_6' title="bbox 482 608 1689 664; baseline 0.001 -14"><span class='ocrx_word' id='word_1_42' title='bbox 482 623 610 663; x_wconf 89' lang='lat' dir='ltr'>quam</span> <span class='ocrx_word' id='word_1_43' title='bbox 640 608 748 651; x_wconf 88' lang='lat' dir='ltr'>bene</span> <span class='ocrx_word' id='word_1_44' title='bbox 779 608 815 650; x_wconf 90' lang='lat' dir='ltr'>si</span> <span class='ocrx_word' id='word_1_45' title='bbox 846 608 1009 664; x_wconf 83' lang='lat' dir='ltr'>uideat,</span> <span class='ocrx_word' id='word_1_46' title='bbox 1039 608 1125 650; x_wconf 90' lang='lat' dir='ltr'>iam</span> <span class='ocrx_word' id='word_1_47' title='bbox 1155 608 1283 650; x_wconf 90' lang='lat' dir='ltr'>rebus</span> <span class='ocrx_word' id='word_1_48' title='bbox 1317 609 1497 664; x_wconf 86' lang='lat' dir='ltr'>quisque</span> <span class='ocrx_word' id='word_1_49' title='bbox 1527 609 1689 651; x_wconf 83' lang='lat' dir='ltr'>relictis</span> 
     </span>
     <span class='ocr_line' id='line_1_7' title="bbox 476 679 1570 737; baseline 0.001 -16"><span class='ocrx_word' id='word_1_50' title='bbox 476 682 676 721; x_wconf 87' lang='lat' dir='ltr'>naturam</span> <span class='ocrx_word' id='word_1_51' title='bbox 706 679 892 735; x_wconf 89' lang='lat' dir='ltr'>primum</span> <span class='ocrx_word' id='word_1_52' title='bbox 924 679 1094 721; x_wconf 85' lang='lat' dir='ltr'>studeat</span> <span class='ocrx_word' id='word_1_53' title='bbox 1124 693 1378 736; x_wconf 82' lang='lat' dir='ltr'>cognoscere</span> <span class='ocrx_word' id='word_1_54' title='bbox 1408 694 1570 737; x_wconf 83' lang='lat' dir='ltr'>rerum,</span> 
     </span>
     <span class='ocr_line' id='line_1_8' title="bbox 478 750 1590 808; baseline 0.001 -16"><span class='ocrx_word' id='word_1_55' title='bbox 478 750 686 806; x_wconf 89' lang='lat' dir='ltr'>temporis</span> <span class='ocrx_word' id='word_1_56' title='bbox 718 750 880 792; x_wconf 86' lang='lat' dir='ltr'>aeterni</span> <span class='ocrx_word' id='word_1_57' title='bbox 913 750 1133 808; x_wconf 81' lang='lat' dir='ltr'>quoniam,</span> <span class='ocrx_word' id='word_1_58' title='bbox 1162 765 1252 793; x_wconf 89' lang='lat' dir='ltr'>non</span> <span class='ocrx_word' id='word_1_59' title='bbox 1281 750 1409 792; x_wconf 86' lang='lat' dir='ltr'>um‘us</span> <span class='ocrx_word' id='word_1_60' title='bbox 1439 750 1590 808; x_wconf 78' lang='lat' dir='ltr'>horae,</span> 
     </span>
     <span class='ocr_line' id='line_1_9' title="bbox 480 814 1649 878; baseline 0.001 -15"><span class='ocrx_word' id='word_1_61' title='bbox 480 822 716 877; x_wconf 86' lang='lat' dir='ltr'>ambigitur</span> <span class='ocrx_word' id='word_1_62' title='bbox 747 823 908 878; x_wconf 79' lang='lat' dir='ltr'>status,</span> <span class='ocrx_word' id='word_1_63' title='bbox 927 814 984 863; x_wconf 86' lang='grc'><strong>’111</strong></span> <span class='ocrx_word' id='word_1_64' title='bbox 1016 836 1101 877; x_wconf 91' lang='lat' dir='ltr'>quo</span> <span class='ocrx_word' id='word_1_65' title='bbox 1135 822 1192 863; x_wconf 87' lang='lat' dir='ltr'>sit</span> <span class='ocrx_word' id='word_1_66' title='bbox 1222 821 1478 864; x_wconf 72' lang='lat' dir='ltr'>mortalibus</span> <span class='ocrx_word' id='word_1_67' title='bbox 1511 822 1649 864; x_wconf 86' lang='lat' dir='ltr'>omnis</span> 
     </span>
     <span class='ocr_line' id='line_1_10' title="bbox 333 893 1724 950; baseline 0.001 -16"><span class='ocrx_word' id='word_1_68' title='bbox 333 903 424 934; x_wconf 83' lang='lat'>1075</span> <span class='ocrx_word' id='word_1_69' title='bbox 480 895 615 950; x_wconf 80' lang='lat' dir='ltr'>aetas,</span> <span class='ocrx_word' id='word_1_70' title='bbox 646 895 746 948; x_wconf 86' lang='lat' dir='ltr'>post</span> <span class='ocrx_word' id='word_1_71' title='bbox 775 894 959 934; x_wconf 91' lang='lat' dir='ltr'>mortem</span> <span class='ocrx_word' id='word_1_72' title='bbox 989 907 1098 947; x_wconf 88' lang='lat' dir='ltr'>quae</span> <span class='ocrx_word' id='word_1_73' title='bbox 1127 895 1262 934; x_wconf 86' lang='lat' dir='ltr'>restat</span> <span class='ocrx_word' id='word_1_74' title='bbox 1293 907 1474 947; x_wconf 89' lang='lat' dir='ltr'>cumque</span> <span class='ocrx_word' id='word_1_75' title='bbox 1504 893 1724 936; x_wconf 86' lang='lat' dir='ltr'>manendo.</span> 
     </span>
     <span class='ocr_line' id='line_1_11' title="bbox 537 963 1738 1019; baseline 0.001 -14"><span class='ocrx_word' id='word_1_76' title='bbox 537 963 747 1019; x_wconf 88' lang='lat' dir='ltr'>Denique·</span> <span class='ocrx_word' id='word_1_77' title='bbox 763 965 886 1005; x_wconf 85' lang='lat' dir='ltr'>tanto</span> <span class='ocrx_word' id='word_1_78' title='bbox 919 977 1045 1018; x_wconf 88' lang='lat' dir='ltr'>opere</span> <span class='ocrx_word' id='word_1_79' title='bbox 1076 963 1122 1005; x_wconf 92' lang='lat' dir='ltr'>in</span> <span class='ocrx_word' id='word_1_80' title='bbox 1153 963 1294 1006; x_wconf 92' lang='lat' dir='ltr'>dubiis</span> <span class='ocrx_word' id='word_1_81' title='bbox 1326 963 1538 1019; x_wconf 87' lang='lat' dir='ltr'>trepidare</span> <span class='ocrx_word' id='word_1_82' title='bbox 1568 963 1738 1019; x_wconf 86' lang='lat' dir='ltr'>periclis</span> 
     </span>
     <span class='ocr_line' id='line_1_12' title="bbox 479 1034 1540 1091; baseline 0.001 -15"><span class='ocrx_word' id='word_1_83' title='bbox 479 1049 586 1090; x_wconf 88' lang='lat' dir='ltr'>quae</span> <span class='ocrx_word' id='word_1_84' title='bbox 617 1035 728 1077; x_wconf 86' lang='lat' dir='ltr'>mala</span> <span class='ocrx_word' id='word_1_85' title='bbox 758 1049 839 1077; x_wconf 85' lang='lat' dir='ltr'>nos</span> <span class='ocrx_word' id='word_1_86' title='bbox 871 1034 1036 1091; x_wconf 82' lang='lat' dir='ltr'>subigit</span> <span class='ocrx_word' id='word_1_87' title='bbox 1066 1035 1175 1077; x_wconf 85' lang='lat' dir='ltr'>uitai</span> <span class='ocrx_word' id='word_1_88' title='bbox 1206 1037 1327 1077; x_wconf 87' lang='lat' dir='ltr'>tanta</span> <span class='ocrx_word' id='word_1_89' title='bbox 1358 1034 1540 1090; x_wconf 77' lang='lat' dir='ltr'>cupido?</span> 
     </span>
     <span class='ocr_line' id='line_1_13' title="bbox 478 1105 1570 1163; baseline 0 -15"><span class='ocrx_word' id='word_1_90' title='bbox 478 1108 591 1148; x_wconf 87' lang='lat' dir='ltr'>certe</span> <span class='ocrx_word' id='word_1_91' title='bbox 622 1105 818 1161; x_wconf 88' lang='lat' dir='ltr'>equidem</span> <span class='ocrx_word' id='word_1_92' title='bbox 847 1105 946 1147; x_wconf 84' lang='lat' dir='ltr'>fim&#39;s</span> <span class='ocrx_word' id='word_1_93' title='bbox 977 1105 1093 1147; x_wconf 90' lang='lat' dir='ltr'>uitae</span> <span class='ocrx_word' id='word_1_94' title='bbox 1123 1105 1378 1148; x_wconf 74' lang='lat' dir='ltr'>mortalibus</span> <span class='ocrx_word' id='word_1_95' title='bbox 1410 1105 1570 1163; x_wconf 83' lang='lat' dir='ltr'>adstat,</span> 
     </span>
     <span class='ocr_line' id='line_1_14' title="bbox 476 1176 1464 1232; baseline 0.001 -14"><span class='ocrx_word' id='word_1_96' title='bbox 476 1191 554 1218; x_wconf 88' lang='lat' dir='ltr'>nec</span> <span class='ocrx_word' id='word_1_97' title='bbox 586 1176 767 1218; x_wconf 90' lang='lat' dir='ltr'>deuitari</span> <span class='ocrx_word' id='word_1_98' title='bbox 797 1176 933 1217; x_wconf 91' lang='lat' dir='ltr'>letum</span> <span class='ocrx_word' id='word_1_99' title='bbox 963 1178 1084 1232; x_wconf 82' lang='lat' dir='ltr'>pote,</span> <span class='ocrx_word' id='word_1_100' title='bbox 1115 1176 1220 1231; x_wconf 91' lang='lat' dir='ltr'>quin</span> <span class='ocrx_word' id='word_1_101' title='bbox 1251 1176 1464 1219; x_wconf 88' lang='lat' dir='ltr'>obeamus.</span> 
     </span>
     <span class='ocr_line' id='line_1_15' title="bbox 333 1246 1703 1305; baseline 0.001 -16"><span class='ocrx_word' id='word_1_102' title='bbox 333 1258 423 1289; x_wconf 88' lang='lat'>1080</span> <span class='ocrx_word' id='word_1_103' title='bbox 478 1249 696 1303; x_wconf 85' lang='lat' dir='ltr'>praeterea</span> <span class='ocrx_word' id='word_1_104' title='bbox 727 1261 947 1289; x_wconf 85' lang='lat' dir='ltr'>uersamur</span> <span class='ocrx_word' id='word_1_105' title='bbox 977 1246 1136 1289; x_wconf 87' lang='lat' dir='ltr'>ibidem</span> <span class='ocrx_word' id='word_1_106' title='bbox 1167 1249 1295 1302; x_wconf 88' lang='lat' dir='ltr'>atque</span> <span class='ocrx_word' id='word_1_107' title='bbox 1325 1247 1519 1289; x_wconf 88' lang='lat' dir='ltr'>insumus</span> <span class='ocrx_word' id='word_1_108' title='bbox 1550 1262 1703 1305; x_wconf 84' lang='lat' dir='ltr'>usque,</span> 
     </span>
     <span class='ocr_line' id='line_1_16' title="bbox 475 1318 1558 1374; baseline 0 -14"><span class='ocrx_word' id='word_1_109' title='bbox 475 1333 553 1361; x_wconf 89' lang='grc'><strong>1100</strong></span> <span class='ocrx_word' id='word_1_110' title='bbox 583 1333 697 1361; x_wconf 86' lang='grc'><strong>110110</strong></span> <span class='ocrx_word' id='word_1_111' title='bbox 726 1318 910 1360; x_wconf 87' lang='grc' dir='ltr'><strong>11111011ᾶο</strong></span> <span class='ocrx_word' id='word_1_112' title='bbox 941 1318 1192 1373; x_wconf 81' lang='lat' dir='ltr'>procuditur</span> <span class='ocrx_word' id='word_1_113' title='bbox 1221 1318 1310 1360; x_wconf 89' lang='lat' dir='ltr'>ulla</span> <span class='ocrx_word' id='word_1_114' title='bbox 1340 1318 1558 1374; x_wconf 84' lang='lat' dir='ltr'>uoluptas:</span> 
     </span>
     <span class='ocr_line' id='line_1_17' title="bbox 477 1389 1760 1448; baseline -0.001 -16"><span class='ocrx_word' id='word_1_115' title='bbox 477 1390 549 1432; x_wconf 91' lang='lat' dir='ltr'>sed</span> <span class='ocrx_word' id='word_1_116' title='bbox 579 1390 680 1432; x_wconf 90' lang='lat' dir='ltr'>dum</span> <span class='ocrx_word' id='word_1_117' title='bbox 711 1390 833 1432; x_wconf 82' lang='lat' dir='ltr'>abest</span> <span class='ocrx_word' id='word_1_118' title='bbox 865 1389 979 1445; x_wconf 88' lang='lat' dir='ltr'>quod</span> <span class='ocrx_word' id='word_1_119' title='bbox 1010 1404 1202 1448; x_wconf 77' lang='lat' dir='ltr'>auemus,</span> <span class='ocrx_word' id='word_1_120' title='bbox 1231 1389 1276 1432; x_wconf 88' lang='lat' dir='ltr'>id</span> <span class='ocrx_word' id='word_1_121' title='bbox 1306 1404 1559 1444; x_wconf 88' lang='lat' dir='ltr'>exsuperare</span> <span class='ocrx_word' id='word_1_122' title='bbox 1589 1389 1760 1432; x_wconf 82' lang='lat' dir='ltr'>uidetur</span> 
     </span>
     <span class='ocr_line' id='line_1_18' title="bbox 477 1459 1649 1518; baseline -0.001 -15"><span class='ocrx_word' id='word_1_123' title='bbox 477 1463 633 1503; x_wconf 90' lang='lat' dir='ltr'>cetera:</span> <span class='ocrx_word' id='word_1_124' title='bbox 665 1463 765 1516; x_wconf 91' lang='lat' dir='ltr'>post</span> <span class='ocrx_word' id='word_1_125' title='bbox 797 1459 930 1516; x_wconf 84' lang='lat' dir='ltr'>aliud,</span> <span class='ocrx_word' id='word_1_126' title='bbox 961 1474 1054 1502; x_wconf 90' lang='lat' dir='ltr'>cum</span> <span class='ocrx_word' id='word_1_127' title='bbox 1089 1460 1271 1518; x_wconf 86' lang='lat' dir='ltr'>contigit</span> <span class='ocrx_word' id='word_1_128' title='bbox 1300 1460 1426 1517; x_wconf 85' lang='lat' dir='ltr'>illud,</span> <span class='ocrx_word' id='word_1_129' title='bbox 1457 1475 1649 1518; x_wconf 77' lang='lat' dir='ltr'>auemus,</span> 
     </span>
     <span class='ocr_line' id='line_1_19' title="bbox 477 1532 1502 1588; baseline 0 -14"><span class='ocrx_word' id='word_1_130' title='bbox 477 1535 520 1574; x_wconf 90' lang='lat' dir='ltr'>et</span> <span class='ocrx_word' id='word_1_131' title='bbox 551 1532 647 1574; x_wconf 89' lang='lat' dir='ltr'>sitis</span> <span class='ocrx_word' id='word_1_132' title='bbox 679 1546 813 1587; x_wconf 87' lang='lat' dir='ltr'>aequa</span> <span class='ocrx_word' id='word_1_133' title='bbox 843 1534 961 1574; x_wconf 86' lang='lat' dir='ltr'>tenet</span> <span class='ocrx_word' id='word_1_134' title='bbox 992 1532 1101 1574; x_wconf 88' lang='lat' dir='ltr'>uitai</span> <span class='ocrx_word' id='word_1_135' title='bbox 1133 1546 1298 1588; x_wconf 85' lang='lat' dir='ltr'>semper</span> <span class='ocrx_word' id='word_1_136' title='bbox 1327 1532 1502 1574; x_wconf 89' lang='lat' dir='ltr'>hiantis.</span> 
     </span>
     <span class='ocr_line' id='line_1_20' title="bbox 332 1603 1748 1660; baseline -0.001 -14"><span class='ocrx_word' id='word_1_137' title='bbox 332 1615 421 1647; x_wconf 87' lang='lat'>1085</span> <span class='ocrx_word' id='word_1_138' title='bbox 476 1606 733 1659; x_wconf 87' lang='lat' dir='ltr'>posteraque</span> <span class='ocrx_word' id='word_1_139' title='bbox 764 1603 810 1645; x_wconf 89' lang='lat' dir='ltr'>in</span> <span class='ocrx_word' id='word_1_140' title='bbox 840 1603 1014 1645; x_wconf 87' lang='lat' dir='ltr'>dubiost</span> <span class='ocrx_word' id='word_1_141' title='bbox 1045 1603 1263 1646; x_wconf 84' lang='lat' dir='ltr'>fortunam</span> <span class='ocrx_word' id='word_1_142' title='bbox 1293 1618 1422 1659; x_wconf 89' lang='lat' dir='ltr'>quam</span> <span class='ocrx_word' id='word_1_143' title='bbox 1451 1603 1581 1645; x_wconf 85' lang='lat' dir='ltr'>uehat</span> <span class='ocrx_word' id='word_1_144' title='bbox 1613 1605 1748 1660; x_wconf 69' lang='lat' dir='ltr'>aetas,</span> 
     </span>
     <span class='ocr_line' id='line_1_21' title="bbox 478 1674 1590 1731; baseline -0.001 -14"><span class='ocrx_word' id='word_1_145' title='bbox 478 1675 635 1731; x_wconf 90' lang='lat' dir='ltr'>quidue</span> <span class='ocrx_word' id='word_1_146' title='bbox 665 1674 774 1716; x_wconf 83' lang='lat' dir='ltr'>ferat</span> <span class='ocrx_word' id='word_1_147' title='bbox 803 1674 930 1716; x_wconf 90' lang='lat' dir='ltr'>nobis</span> <span class='ocrx_word' id='word_1_148' title='bbox 962 1689 1084 1717; x_wconf 87' lang='lat' dir='ltr'>casus</span> <span class='ocrx_word' id='word_1_149' title='bbox 1117 1675 1245 1730; x_wconf 90' lang='lat' dir='ltr'>quiue</span> <span class='ocrx_word' id='word_1_150' title='bbox 1275 1675 1416 1717; x_wconf 88' lang='lat' dir='ltr'>exitus</span> <span class='ocrx_word' id='word_1_151' title='bbox 1447 1675 1590 1717; x_wconf 86' lang='lat' dir='ltr'>instet.</span> 
     </span>
     <span class='ocr_line' id='line_1_22' title="bbox 477 1745 1576 1800; baseline 0 -12"><span class='ocrx_word' id='word_1_152' title='bbox 477 1760 554 1788; x_wconf 90' lang='grc'><strong>1100</strong></span> <span class='ocrx_word' id='word_1_153' title='bbox 583 1759 783 1800; x_wconf 89' lang='lat' dir='ltr'>prorsum</span> <span class='ocrx_word' id='word_1_154' title='bbox 813 1745 950 1787; x_wconf 87' lang='lat' dir='ltr'>uitam</span> <span class='ocrx_word' id='word_1_155' title='bbox 981 1745 1170 1788; x_wconf 88' lang='lat' dir='ltr'>ducendo</span> <span class='ocrx_word' id='word_1_156' title='bbox 1202 1745 1409 1788; x_wconf 92' lang='lat' dir='ltr'>demimus</span> <span class='ocrx_word' id='word_1_157' title='bbox 1438 1746 1576 1788; x_wconf 90' lang='lat' dir='ltr'>hilum</span> 
     </span>
     <span class='ocr_line' id='line_1_23' title="bbox 477 1815 1497 1874; baseline 0 -15"><span class='ocrx_word' id='word_1_158' title='bbox 477 1820 668 1872; x_wconf 88' lang='lat' dir='ltr'>tempore</span> <span class='ocrx_word' id='word_1_159' title='bbox 699 1815 749 1858; x_wconf 90' lang='lat' dir='ltr'>de</span> <span class='ocrx_word' id='word_1_160' title='bbox 780 1816 933 1858; x_wconf 88' lang='lat' dir='ltr'>mortis</span> <span class='ocrx_word' id='word_1_161' title='bbox 963 1831 1041 1859; x_wconf 86' lang='lat' dir='ltr'>nec</span> <span class='ocrx_word' id='word_1_162' title='bbox 1070 1816 1256 1859; x_wconf 85' lang='lat' dir='ltr'>delibare</span> <span class='ocrx_word' id='word_1_163' title='bbox 1287 1817 1497 1874; x_wconf 85' lang='lat' dir='ltr'>ualemus,</span> 
     </span>
     <span class='ocr_line' id='line_1_24' title="bbox 476 1887 1593 1944; baseline 0.001 -15"><span class='ocrx_word' id='word_1_164' title='bbox 476 1902 560 1943; x_wconf 92' lang='lat' dir='ltr'>quo</span> <span class='ocrx_word' id='word_1_165' title='bbox 591 1887 732 1929; x_wconf 87' lang='lat' dir='ltr'>minus</span> <span class='ocrx_word' id='word_1_166' title='bbox 764 1901 855 1929; x_wconf 84' lang='lat' dir='ltr'>esse</span> <span class='ocrx_word' id='word_1_167' title='bbox 885 1887 958 1929; x_wconf 91' lang='lat' dir='ltr'>diu</span> <span class='ocrx_word' id='word_1_168' title='bbox 988 1888 1201 1943; x_wconf 90' lang='lat' dir='ltr'>possimus</span> <span class='ocrx_word' id='word_1_169' title='bbox 1233 1887 1344 1930; x_wconf 84' lang='lat' dir='ltr'>forte</span> <span class='ocrx_word' id='word_1_170' title='bbox 1373 1889 1593 1944; x_wconf 86' lang='lat' dir='ltr'>perempti.</span> 
     </span>
     <span class='ocr_line' id='line_1_25' title="bbox 331 1956 1599 2014; baseline 0.001 -13"><span class='ocrx_word' id='word_1_171' title='bbox 331 1970 422 2001; x_wconf 84' lang='lat'>1090</span> <span class='ocrx_word' id='word_1_172' title='bbox 477 1958 655 2014; x_wconf 87' lang='lat' dir='ltr'>proinde</span> <span class='ocrx_word' id='word_1_173' title='bbox 684 1957 784 2000; x_wconf 90' lang='grc'><strong>110013</strong></span> <span class='ocrx_word' id='word_1_174' title='bbox 817 1956 990 2013; x_wconf 86' lang='lat' dir='ltr'>quotuis</span> <span class='ocrx_word' id='word_1_175' title='bbox 1022 1958 1206 2001; x_wconf 87' lang='lat' dir='ltr'>uiuendo</span> <span class='ocrx_word' id='word_1_176' title='bbox 1237 1958 1416 2001; x_wconf 86' lang='lat' dir='ltr'>condere</span> <span class='ocrx_word' id='word_1_177' title='bbox 1447 1959 1599 2002; x_wconf 87' lang='lat' dir='ltr'>saecla:</span> 
     </span>
     <span class='ocr_line' id='line_1_26' title="bbox 475 2029 1607 2087; baseline 0.001 -16"><span class='ocrx_word' id='word_1_178' title='bbox 475 2043 591 2072; x_wconf 88' lang='lat' dir='ltr'>mors</span> <span class='ocrx_word' id='word_1_179' title='bbox 623 2031 794 2071; x_wconf 87' lang='lat' dir='ltr'>aeterna</span> <span class='ocrx_word' id='word_1_180' title='bbox 825 2031 968 2071; x_wconf 87' lang='lat' dir='ltr'>tamen</span> <span class='ocrx_word' id='word_1_181' title='bbox 997 2029 1087 2072; x_wconf 85' lang='lat' dir='ltr'>nilo</span> <span class='ocrx_word' id='word_1_182' title='bbox 1118 2030 1261 2071; x_wconf 88' lang='lat' dir='ltr'>minus</span> <span class='ocrx_word' id='word_1_183' title='bbox 1292 2029 1369 2071; x_wconf 81' lang='lat' dir='ltr'>illa</span> <span class='ocrx_word' id='word_1_184' title='bbox 1398 2030 1607 2087; x_wconf 75' lang='lat' dir='ltr'>manebit,</span> 
     </span>
     <span class='ocr_line' id='line_1_27' title="bbox 474 2100 1614 2157; baseline 0.002 -15"><span class='ocrx_word' id='word_1_185' title='bbox 474 2115 552 2142; x_wconf 91' lang='lat' dir='ltr'>nec</span> <span class='ocrx_word' id='word_1_186' title='bbox 583 2100 726 2142; x_wconf 86' lang='lat' dir='ltr'>minus</span> <span class='ocrx_word' id='word_1_187' title='bbox 757 2100 829 2142; x_wconf 89' lang='lat' dir='ltr'>ille</span> <span class='ocrx_word' id='word_1_188' title='bbox 861 2101 934 2143; x_wconf 89' lang='lat' dir='ltr'>diu</span> <span class='ocrx_word' id='word_1_189' title='bbox 964 2101 1050 2143; x_wconf 86' lang='lat' dir='ltr'>iam</span> <span class='ocrx_word' id='word_1_190' title='bbox 1079 2115 1168 2143; x_wconf 92' lang='lat' dir='ltr'>non</span> <span class='ocrx_word' id='word_1_191' title='bbox 1197 2100 1298 2157; x_wconf 84' lang='lat' dir='ltr'>erit,</span> <span class='ocrx_word' id='word_1_192' title='bbox 1329 2116 1380 2143; x_wconf 86' lang='lat' dir='ltr'>ex</span> <span class='ocrx_word' id='word_1_193' title='bbox 1410 2101 1614 2144; x_wconf 88' lang='lat' dir='ltr'>hodierno</span> 
     </span>
     <span class='ocr_line' id='line_1_28' title="bbox 477 2171 1387 2229; baseline 0.001 -16"><span class='ocrx_word' id='word_1_194' title='bbox 477 2171 639 2214; x_wconf 89' lang='lat' dir='ltr'>lumine</span> <span class='ocrx_word' id='word_1_195' title='bbox 670 2172 744 2227; x_wconf 91' lang='lat' dir='ltr'>qui</span> <span class='ocrx_word' id='word_1_196' title='bbox 775 2172 903 2214; x_wconf 88' lang='lat' dir='ltr'>finem</span> <span class='ocrx_word' id='word_1_197' title='bbox 933 2172 1041 2214; x_wconf 87' lang='lat' dir='ltr'>uitai</span> <span class='ocrx_word' id='word_1_198' title='bbox 1071 2173 1192 2229; x_wconf 82' lang='lat' dir='ltr'>fecit,</span> <span class='ocrx_word' id='word_1_199' title='bbox 1222 2175 1265 2214; x_wconf 89' lang='lat' dir='ltr'>et</span> <span class='ocrx_word' id='word_1_200' title='bbox 1295 2172 1387 2229; x_wconf 86' lang='grc'><strong>1110,</strong></span> 
     </span>
     <span class='ocr_line' id='line_1_29' title="bbox 477 2242 1625 2299; baseline 0.001 -15"><span class='ocrx_word' id='word_1_201' title='bbox 477 2242 698 2285; x_wconf 88' lang='lat' dir='ltr'>mensibus</span> <span class='ocrx_word' id='word_1_202' title='bbox 730 2245 858 2298; x_wconf 86' lang='lat' dir='ltr'>atque</span> <span class='ocrx_word' id='word_1_203' title='bbox 890 2244 1012 2286; x_wconf 85' lang='lat' dir='ltr'>annis</span> <span class='ocrx_word' id='word_1_204' title='bbox 1045 2244 1119 2299; x_wconf 91' lang='lat' dir='ltr'>qui</span> <span class='ocrx_word' id='word_1_205' title='bbox 1150 2243 1300 2286; x_wconf 90' lang='lat' dir='ltr'>multis</span> <span class='ocrx_word' id='word_1_206' title='bbox 1333 2243 1486 2286; x_wconf 91' lang='lat' dir='ltr'>occidit</span> <span class='ocrx_word' id='word_1_207' title='bbox 1517 2246 1625 2286; x_wconf 90' lang='lat' dir='ltr'>ante.</span> 
     </span>
    </p>
   </div>
   <div class='ocr_carea' id='block_1_3' title="bbox 329 2358 2025 2538">
    <p class='ocr_par' dir='ltr' id='par_1_3' title="bbox 329 2358 2025 2538">
     <span class='ocr_line' id='line_1_30' title="bbox 425 2358 2025 2406; baseline 0.001 -12"><span class='ocrx_word' id='word_1_208' title='bbox 425 2362 516 2394; x_wconf 83' lang='grc'><strong>1069</strong></span> <span class='ocrx_word' id='word_1_209' title='bbox 547 2358 748 2405; x_wconf 85' lang='lat' dir='ltr'>ingratius:</span> <span class='ocrx_word' id='word_1_210' title='bbox 786 2360 878 2395; x_wconf 85' lang='lat' dir='ltr'>verb.</span> <span class='ocrx_word' id='word_1_211' title='bbox 904 2360 1034 2395; x_wconf 87' lang='lat' dir='ltr'>Lamb.</span> <span class='ocrx_word' id='word_1_212' title='bbox 1157 2363 1246 2395; x_wconf 81' lang='lat'>1073</span> <span class='ocrx_word' id='word_1_213' title='bbox 1279 2360 1423 2396; x_wconf 84' lang='lat' dir='ltr'>aeterni</span> <span class='ocrx_word' id='word_1_214' title='bbox 1452 2360 1646 2406; x_wconf 87' lang='lat' dir='ltr'>temporis:</span> <span class='ocrx_word' id='word_1_215' title='bbox 1683 2359 1775 2396; x_wconf 82' lang='lat' dir='ltr'>verb.</span> <span class='ocrx_word' id='word_1_216' title='bbox 1796 2359 1902 2395; x_wconf 77' lang='lat' dir='ltr'>Pont.</span> <span class='ocrx_word' id='word_1_217' title='bbox 1924 2359 2025 2395; x_wconf 87' lang='lat' dir='ltr'>Mar.</span> 
     </span>
     <span class='ocr_line' id='line_1_31' title="bbox 332 2406 2024 2443; baseline 0.001 -2"><span class='ocrx_word' id='word_1_218' title='bbox 332 2410 422 2442; x_wconf 83' lang='lat'>1084</span> <span class='ocrx_word' id='word_1_219' title='bbox 448 2406 530 2441; x_wconf 86' lang='lat' dir='ltr'>uita</span> <span class='ocrx_word' id='word_1_220' title='bbox 554 2407 589 2442; x_wconf 90' lang='lat' dir='ltr'><strong><em>A</em></strong></span> <span class='ocrx_word' id='word_1_221' title='bbox 623 2408 702 2442; x_wconf 83' lang='lat' dir='ltr'>-tac</span> <span class='ocrx_word' id='word_1_222' title='bbox 727 2407 779 2442; x_wconf 86' lang='lat' dir='ltr'>B:</span> <span class='ocrx_word' id='word_1_223' title='bbox 818 2407 909 2442; x_wconf 85' lang='lat' dir='ltr'>verb.</span> <span class='ocrx_word' id='word_1_224' title='bbox 929 2408 976 2443; x_wconf 80' lang='lat' dir='ltr'>It.</span> <span class='ocrx_word' id='word_1_225' title='bbox 997 2428 1042 2433; x_wconf 96' lang='lat'>—</span> <span class='ocrx_word' id='word_1_226' title='bbox 1068 2407 1222 2443; x_wconf 89' lang='lat' dir='ltr'>hientis:</span> <span class='ocrx_word' id='word_1_227' title='bbox 1254 2408 1346 2443; x_wconf 88' lang='lat' dir='ltr'>verb.</span> <span class='ocrx_word' id='word_1_228' title='bbox 1366 2409 1413 2443; x_wconf 79' lang='lat' dir='ltr'>It.</span> <span class='ocrx_word' id='word_1_229' title='bbox 1548 2411 1639 2443; x_wconf 87' lang='lat'>1085</span> <span class='ocrx_word' id='word_1_230' title='bbox 1669 2406 1835 2442; x_wconf 84' lang='lat' dir='ltr'>fortuna:</span> <span class='ocrx_word' id='word_1_231' title='bbox 1866 2407 1957 2443; x_wconf 81' lang='lat' dir='ltr'>verb.</span> <span class='ocrx_word' id='word_1_232' title='bbox 1977 2407 2024 2443; x_wconf 84' lang='lat' dir='ltr'>It.</span> 
     </span>
     <span class='ocr_line' id='line_1_32' title="bbox 329 2453 2025 2538; baseline -0.001 -49"><span class='ocrx_word' id='word_1_233' title='bbox 329 2457 420 2537; x_wconf 50' lang='grc'><strong>138868</strong></span> <span class='ocrx_word' id='word_1_234' title='bbox 432 2454 678 2538; x_wconf 51' lang='grc' dir='ltr'><strong>ἓο11υὶὲῗιὲο1ῗιε,</strong></span> <span class='ocrx_word' id='word_1_235' title='bbox 702 2455 793 2490; x_wconf 88' lang='lat' dir='ltr'>verb.</span> <span class='ocrx_word' id='word_1_236' title='bbox 816 2455 920 2490; x_wconf 73' lang='lat' dir='ltr'>Pom.</span> <span class='ocrx_word' id='word_1_237' title='bbox 944 2455 1044 2490; x_wconf 81' lang='lat' dir='ltr'>Mar.</span> <span class='ocrx_word' id='word_1_238' title='bbox 1143 2458 1234 2490; x_wconf 90' lang='grc'><strong>1089</strong></span> <span class='ocrx_word' id='word_1_239' title='bbox 1258 2466 1469 2500; x_wconf 85' lang='lat' dir='ltr'>possumus:</span> <span class='ocrx_word' id='word_1_240' title='bbox 1496 2456 1588 2490; x_wconf 87' lang='lat' dir='ltr'>verb.</span> <span class='ocrx_word' id='word_1_241' title='bbox 1608 2454 1664 2490; x_wconf 71' lang='lat' dir='ltr'>B2</span> <span class='ocrx_word' id='word_1_242' title='bbox 1765 2457 1856 2489; x_wconf 85' lang='lat'>1093</span> <span class='ocrx_word' id='word_1_243' title='bbox 1881 2453 1963 2489; x_wconf 86' lang='lat' dir='ltr'>uita</span> <span class='ocrx_word' id='word_1_244' title='bbox 1989 2455 2025 2489; x_wconf 89' lang='lat' dir='ltr'><strong><em>A</em></strong></span> 
     </span>
    </p>
   </div>
  </div>
 </body>
</html>
