2092 3438
266 249 324 290 22
656 246 695 282 Τ.
721 245 928 281 LUORETI
952 244 1063 282 CARI
1088 245 1152 280 DE
1177 244 1350 281 RERUM
1374 244 1576 280 NATURA

416 358 458 398 et
489 355 638 397 domus
670 354 824 397 aetatis
856 354 995 410 spatio
1025 369 1080 396 ne
1109 354 1221 397 fessa
1251 355 1424 396 uetusto

272 438 338 470 775
419 426 602 469 obruat?
652 428 696 468 at
726 440 815 468 non
846 428 946 468 sunt
976 425 1210 467 immortali
1242 425 1330 467 ulla
1360 424 1529 480 pericla.

473 497 668 552 Denique
700 496 881 539 conubia
912 497 965 538 ad
994 495 1174 539 Veneris
1205 498 1439 552 partusque
1470 496 1655 538 ferarum

416 583 508 611 esse
539 568 701 610 animas
733 570 904 623 praesto
936 567 1213 610 deridiculum
1244 581 1335 609 esse
1366 566 1553 609 uidetur:

417 641 661 695 exspectare
691 638 946 681 immortalis
977 638 1176 681 mortalia
1205 638 1396 680 membra

416 713 638 753 innumero
669 724 866 767 numero,
896 712 1140 764 certareque
1171 711 1550 765 praeproperanter

272 795 339 827 780
417 783 530 825 inter
562 797 606 824 se
637 796 744 837 quae
773 781 912 837 prima
943 780 1251 836 potissimaque
1281 779 1541 836 insinuetur3

419 854 456 896 si
485 867 574 895 non
603 853 715 895 forte
746 852 807 894 ita
839 854 940 894 sunt
971 851 1210 893 animarum
1238 850 1407 893 foedera
1437 853 1581 907 pacta,

418 927 467 967 ut
499 938 606 980 quae
636 924 774 979 prima
803 922 955 965 uolans
987 922 1206 965 aduenerit
1236 922 1478 964 insinuetur

419 995 575 1051 prima,
603 1009 741 1049 neque
760 984 884 1037 'inter
916 1008 960 1036 se
990 992 1249 1035 contendant
1279 992 1445 1035 uiribus
1475 992 1623 1035 hilum.

478 1066 671 1121 Denique
701 1066 748 1107 in
779 1064 948 1107 aethere
978 1078 1066 1106 non
1097 1063 1242 1120 arbor,
1270 1077 1360 1106 non
1390 1078 1572 1119 aequore
1602 1064 1649 1106 in
1679 1064 1766 1106 alto

274 1150 340 1182 785
420 1138 555 1180 nubes
586 1151 678 1179 esse
710 1139 891 1193 queunt,
919 1150 996 1178 nec
1026 1136 1163 1191 pisces
1194 1135 1341 1177 uiuere
1371 1135 1417 1177 in
1447 1135 1581 1192 aruis,

418 1223 496 1252 nec
526 1222 651 1251 cruor
682 1208 728 1249 in
757 1207 888 1264 lignis
920 1221 1057 1262 neque
1089 1206 1202 1249 saxis
1234 1220 1359 1248 sucus
1390 1206 1539 1248 inesse.

420 1282 584 1323 certum
615 1293 662 1321 ac
693 1278 994 1333 dispositumst
1025 1277 1101 1319 ubi
1133 1277 1335 1334 quicquid
1366 1279 1527 1319 crescat
1558 1279 1601 1319 et
1630 1277 1746 1319 insit.

422 1352 482 1394 sic
513 1350 645 1393 animi
674 1352 828 1392 natura
857 1348 1008 1404 nequit
1040 1348 1131 1390 sine
1161 1362 1338 1403 corpore
1371 1347 1475 1390 oriri

424 1423 515 1465 sola
544 1436 682 1477 neque
713 1436 737 1462 a
766 1420 912 1463 neruis
945 1422 987 1462 et
1020 1419 1226 1476 sanguine
1256 1419 1430 1475 longius
1462 1433 1563 1461 esse.

276 1506 343 1538 790
422 1493 537 1549 quod
568 1492 605 1534 si
635 1494 782 1548 posset
814 1491 946 1548 enim,
974 1491 1112 1534 multo
1144 1490 1263 1545 prius
1296 1490 1391 1546 ipsa
1422 1490 1553 1532 animi
1583 1490 1650 1533 uis

420 1565 466 1607 in
496 1564 634 1619 capite
666 1566 740 1606 aut
772 1562 930 1605 umeris
962 1565 1038 1605 aut
1067 1562 1165 1604 imis
1197 1561 1384 1604 calcibus
1416 1575 1507 1604 esse

419 1638 566 1691 posset
597 1637 640 1677 et
670 1634 836 1676 innasci
868 1634 1021 1689 quauis
1052 1634 1097 1675 in
1127 1635 1250 1688 parte
1282 1632 1458 1688 soleret,

419 1707 592 1749 tandem
623 1706 669 1748 in
699 1706 846 1748 eodem
877 1704 1050 1747 homine
1083 1706 1212 1759 atque
1241 1704 1288 1746 in
1318 1702 1464 1745 eodem
1495 1717 1596 1744 uase
1627 1717 1809 1745 manere.

423 1777 537 1833 quod
569 1777 771 1832 quoniam
800 1778 951 1819 nostro
985 1789 1154 1831 quoque
1185 1777 1355 1818 constat
1385 1788 1561 1829 corpore
1592 1775 1775 1830 certum,

279 1861 346 1892 795
425 1848 767 1904 dispositumque
797 1847 967 1890 uidetur
998 1846 1074 1889 ubi
1105 1860 1196 1888 esse
1227 1848 1270 1888 et
1302 1859 1486 1887 crescere
1517 1844 1657 1900 possit

423 1934 591 1962 sorsum
623 1919 763 1961 anima
794 1921 923 1974 atque
954 1918 1139 1974 animus,
1169 1919 1301 1970 tantos
1322 1916 1460 1972 magis
1491 1915 1762 1958 infitiandum

420 1994 563 2034 totum
593 2005 720 2046 posse
752 1993 872 2032 extra
904 2004 1058 2044 corpus
1090 1989 1242 2031 durare
1273 1988 1466 2044 genique.

424 2077 572 2119 quare,
603 2076 758 2116 corpus
789 2061 865 2103 ubi
896 2060 1081 2117 interiit,
1111 2060 1264 2115 periise
1294 2061 1506 2101 necessest

422 2133 650 2176 confiteare
681 2132 866 2174 animam
897 2132 1144 2174 distractam
1174 2131 1221 2172 in
1251 2144 1427 2185 corpore
1457 2131 1562 2173 toto,

275 2216 344 2247 800
424 2204 580 2259 quippe
612 2203 769 2245 etenim
799 2203 981 2245 mortale
1013 2205 1184 2245 aeterno
1216 2202 1391 2258 iungere
1423 2202 1466 2242 et
1498 2215 1582 2242 una

422 2275 661 2317 consentire
692 2276 843 2330 putare
875 2277 918 2316 et
948 2274 1072 2330 fungi
1102 2275 1252 2315 mutua
1283 2286 1410 2328 posse

423 2346 673 2401 desiperest:
707 2345 810 2400 quid
840 2345 953 2387 enim
984 2345 1196 2388 diuersius
1227 2359 1319 2386 esse
1349 2343 1630 2399 putandumst

422 2419 496 2459 aut
526 2416 664 2472 magis
695 2416 807 2458 inter
840 2431 884 2458 se
915 2416 1173 2458 disiunctum
1204 2415 1589 2471 discrepitansque,

423 2503 550 2543 quam
581 2487 761 2529 mortale
793 2487 907 2542 quod
939 2489 1002 2528 est
1033 2485 1253 2528 inmortali
1285 2488 1413 2541 atque
1444 2485 1621 2540 perenni

275 2570 343 2601 805
422 2559 614 2601 iunctum
644 2558 691 2600 in
720 2558 899 2601 concilio
939 2571 1086 2599 saeuas
1118 2556 1300 2599 tolerare
1331 2555 1569 2611 procellas?

422 2632 641 2684 praeterea
667 2643 956 2684 quaecumque
987 2630 1160 2669 manent
1191 2629 1362 2669 aeterna
1391 2628 1602 2668 necessest

423 2703 497 2742 aut
529 2701 629 2756 quia
661 2703 762 2742 sunt
794 2700 929 2742 solido
961 2714 1058 2741 cum
1089 2713 1264 2754 corpore
1294 2711 1492 2753 respuere
1522 2697 1633 2739 ictus

424 2785 502 2813 nec
532 2773 754 2826 penetrare
785 2771 876 2826 pati
908 2770 991 2812 sibi
1024 2770 1251 2825 quicquam
1283 2768 1396 2824 quod
1427 2771 1556 2824 queat
1586 2770 1702 2810 artas

423 2841 652 2883 dissociare
683 2840 801 2882 intus
832 2842 987 2898 partis,
1017 2843 1066 2883 ut
1097 2839 1293 2882 materiai

281 2924 350 2954 810
429 2926 608 2967 corpora
639 2914 740 2953 sunt
773 2926 955 2966 quorum
983 2913 1181 2953 naturam
1213 2910 1474 2953 ostendimus
1507 2912 1624 2966 ante,

424 2985 498 3024 aut
527 2982 621 3023 ideo
654 2982 804 3024 durare
835 2985 1017 3025 aetatem
1048 2996 1174 3036 posse
1204 2995 1280 3036 per
1311 2994 1497 3036 omnem,

372 3114 438 3145 775
464 3109 706 3145 iammortali:
733 3111 824 3145 verb.
845 3110 899 3144 Α1
924 3111 1009 3145 oder
1026 3108 1081 3145 Α2
1154 3112 1220 3143 785
1244 3108 1361 3143 nubes
1387 3108 1421 3143 V
1436 3111 1526 3144 129:
1553 3108 1652 3143 nube
1725 3110 1793 3143 798
1817 3106 1974 3153 perisse:

277 3158 368 3193 verb.
387 3158 434 3193 It.
515 3160 584 3192 800
608 3157 820 3192 mortalem:
846 3158 937 3193 verb.
958 3158 1004 3192 It.
1085 3159 1154 3191 804
1177 3155 1350 3201 peranni:
1377 3156 1467 3192 verb.
1488 3156 1534 3192 It.
1619 3158 1686 3190 805
1713 3154 1855 3190 saluas:
1881 3155 1973 3190 verb.

279 3205 378 3240 Mar.
477 3208 543 3239 807
570 3203 666 3239 ictus
691 3205 744 3239 A:
771 3204 889 3240 iectus
914 3204 1011 3239 A2B
1107 3207 1176 3238 809
1201 3202 1334 3249 partiis
1361 3204 1398 3238 et
1421 3201 1597 3238 materia:
1624 3203 1755 3248 richtiy
1786 3202 1907 3237 V354
