2092 3438
313 212 366 254 16

310 828 379 859 560

311 1184 379 1215 565

309 1540 378 1571 570

308 1896 375 1928 575

308 2252 376 2285 580

699 212 739 248 T.
765 211 972 248 LUCRETI
998 212 1110 248 CARI
1135 212 1199 248 DE
1225 212 1397 249 RERUM
1421 213 1623 249 NATURA

460 320 532 362 sed
562 323 707 362 tamen
737 321 783 362 in
812 335 947 376 paruo
977 321 1166 364 licuntur
1197 324 1389 378 tempore
1419 323 1539 379 tabe,

460 392 520 434 sic
551 391 718 434 animus
749 406 826 447 per
858 406 903 434 86
931 406 1021 435 11011
1051 393 1146 448 quit
1179 393 1269 435 sine
1300 408 1477 449 corpore
1508 396 1550 435 61
1582 394 1676 449 ipso

461 477 552 504 6886
582 463 775 518 1101111116,
806 462 923 505 1111118
957 463 1080 518 quasi
1112 463 1227 518 quod
1256 478 1333 506 uas
1366 479 1457 506 esse
1487 464 1659 507 uidetur
1691 490 1746 494 —

459 534 550 575 siue
581 533 698 575 aliud
731 534 835 589 quid
863 533 931 576 uis
962 533 1108 589 potius
1140 534 1410 577 coniunctius
1441 535 1480 577 ei

458 604 636 660 fingere,
668 604 1012 661 quandoquidem
1043 619 1206 647 conexu
1238 620 1392 661 corpus
1423 606 1635 648 adhaeret.

515 675 711 731 Denique
742 676 934 731 corporis
967 679 1096 731 atque
1127 677 1259 719 animi
1289 677 1437 719 uiuata
1467 680 1660 732 potestas

459 747 571 789 111161
603 761 648 789 86
679 747 906 789 601111111616
936 747 1083 789 11616111
1113 747 1289 803 11116(1116
1319 748 1540 790 fruuntur:

457 832 535 860 1166
566 819 655 860 81116
687 833 863 874 corpore
894 819 1008 860 enim
1040 818 1187 860 uitalis
1219 819 1340 861 cdere
1371 822 1515 862 motus

459 889 550 931 sola
580 892 725 944 potest
757 889 890 932 animi
921 904 997 944 per
1029 904 1074 931 se
1103 892 1259 932 natura
1287 904 1366 932 1166
1398 893 1540 932 61116111

457 974 624 1002 cassum
656 961 801 1015 anima,
826 975 981 1015 corpus
1014 960 1166 1002 durare
1197 963 1240 1003 et
1272 961 1467 1003 sensibus
1497 962 1573 1004 uti.

459 1031 639 1088 scilicet,
669 1031 843 1074 auolsus
876 1031 1090 1074 radicibus
1120 1034 1170 1074 ut
1199 1032 1351 1087 nequit
1381 1031 1514 1074 ullam

456 1102 663 1157 dispicere
694 1103 786 1158 ipse
818 1102 968 1144 oculus
999 1117 1090 1144 rem
1122 1117 1314 1145 seorsum
1345 1117 1522 1158 corpore
1553 1105 1670 1160 toto,

460 1174 520 1215 sic
552 1173 693 1215 anima
724 1175 852 1229 atquc
885 1173 1053 1215 animus
1085 1187 1160 1228 per
1193 1188 1237 1215 86
1266 1173 1331 1215 1111
1359 1188 1487 1229 posse
1518 1173 1698 1216 uidetur.

455 1244 678 1300 nimirum,
711 1244 812 1300 quia
841 1259 918 1299 per
949 1259 1080 1286 uenas
1113 1247 1156 1286 et
1187 1245 1352 1287 uiscera
1382 1245 1571 1302 mixtim,

456 1330 531 1370 per
561 1330 718 1358 neruos
751 1318 879 1371 atque
911 1330 1028 1372 ossa,
1058 1317 1259 1357 tenentur
1289 1330 1466 1371 corpore
1497 1316 1551 1357 ab
1583 1315 1700 1358 omni

455 1400 533 1428 1166
563 1387 731 1443 magnis
763 1386 1004 1429 interuallis
1035 1386 1270 1441 primordia
1300 1389 1484 1441 possunt

454 1457 592 1500 libera
621 1457 868 1514 dissultare,
898 1458 992 1499 ideo
1025 1457 1223 1499 conclusa
1254 1460 1483 1500 mouentur

459 1529 687 1571 sensiferos
719 1531 882 1584 motus,
915 1543 1023 1584 quos
1055 1531 1177 1571 extra
1207 1543 1362 1584 corpus
1392 1529 1439 1571 in
1470 1544 1595 1571 auras

456 1600 565 1642 aeris
596 1600 703 1642 haut
733 1602 917 1655 possunt
948 1602 1048 1655 post
1078 1602 1262 1642 mortem
1293 1599 1425 1642 eiecta
1454 1600 1620 1643 moueri

454 1674 682 1727 propterea
715 1671 815 1726 quia
844 1685 933 1713 non
964 1670 1096 1713 simili
1127 1671 1295 1713 ratione
1326 1674 1545 1713 tenentur:

456 1757 609 1798 corpus
641 1742 754 1784 enim
786 1744 914 1797 atque
946 1742 1139 1784 animans
1171 1742 1253 1784 erit
1284 1757 1374 1799 aer,
1405 1742 1441 1784 si
1472 1742 1670 1784 cohibere

455 1813 500 1855 in
532 1829 577 1856 se
608 1814 794 1856 animam
825 1815 954 1868 atque
983 1813 1030 1855 in
1060 1827 1133 1855 608
1163 1813 1325 1868 poterit
1356 1814 1605 1856 concludere
1635 1816 1797 1869 motus,

456 1899 564 1941 quos
596 1887 695 1927 ante
725 1885 772 1926 in
801 1884 946 1926 neruis
978 1887 1020 1926 et
1050 1884 1096 1926 in
1125 1885 1221 1940 ipso
1254 1899 1429 1940 corpore
1460 1884 1625 1941 agebat.

457 1971 588 2012 quare
618 1956 748 1998 etiam
780 1958 908 2011 atque
940 1955 1070 1997 6116111
1100 1956 1290 1998 resoluto
1322 1956 1513 2011 corporis
1546 1956 1662 1999 omni

455 2027 642 2083 tegmine
674 2029 716 2069 61
749 2027 893 2068 6166118
925 2029 1045 2068 extra
1075 2027 1282 2069 uitalibus
1314 2027 1429 2069 auris

455 2098 635 2141 dissolui
667 2112 816 2140 sensus
849 2097 981 2140 animi
1010 2098 1170 2140 fateare
1200 2101 1412 2140 necessest

457 2172 585 2225 atque
615 2169 821 2225 animam,
852 2169 1054 2224 quoniam
1085 2169 1354 2211 coniunctast
1385 2183 1512 2211 causa
1543 2169 1721 2211 duobus.

516 2240 711 2297 Denique
742 2256 839 2283 cum
869 2255 1022 2295 corpus
1053 2243 1238 2295 nequeat
1267 2241 1453 2296 perferre
1485 2240 1642 2282 animai

456 2312 698 2368 discidium,
730 2311 833 2367 quin
864 2312 909 2353 in
939 2314 1077 2353 taetro
1109 2311 1301 2354 tabescat
1333 2312 1480 2369 odore,

456 2384 558 2439 quid
589 2383 759 2425 dubitas
792 2383 897 2437 quin
927 2397 978 2424 ex
1009 2382 1095 2424 imo
1126 2382 1384 2438 penitusque
1415 2385 1562 2425 coorta

456 2455 663 2497 emanarit
693 2454 760 2496 uti
789 2454 931 2495 fumus
962 2453 1117 2495 diffusa
1148 2453 1312 2495 animae
1342 2454 1428 2510 uis,

455 2528 583 2581 atque
613 2525 708 2567 ideo
738 2527 861 2567 tanta
890 2527 1104 2566 mutatum
1134 2527 1260 2579 putre
1290 2525 1414 2566 ruina

458 2597 689 2639 conciderit
714 2610 887 2652 corpus,
918 2595 1089 2650 penitus
1122 2595 1223 2650 quia
1253 2597 1371 2637 mota
1400 2595 1494 2638 loco
1527 2597 1629 2637 sunt

454 2668 748 2724 fundamenta,
778 2667 893 2709 foras
924 2668 1122 2708 manante
1153 2666 1294 2708 anima
1324 2681 1459 2721 usque
1489 2681 1565 2721 per
1596 2668 1715 2707 artus

456 2754 614 2794 perque
645 2739 814 2781 uiarum
846 2737 984 2780 omnis
1015 2737 1151 2779 flexus
1157 2772 1169 2794 ,
1199 2737 1246 2779 in
1276 2751 1452 2792 corpore
1484 2737 1558 2792 qui
1590 2739 1710 2792 sunt,

403 2895 470 2926 553
490 2891 684 2936 liquuntur
703 2890 785 2926 tabi
797 2891 847 2926 Is
865 2890 1024 2932 Vossius,
1048 2888 1213 2924 licuntur
1231 2889 1320 2924 tabe
1338 2889 1480 2925 Creeeh:
1506 2888 1701 2934 linguntur
1717 2888 1789 2923 tali
1855 2891 1923 2923 555
1942 2887 2007 2923 ho-

307 2938 461 2973 minem.
487 2939 579 2973 verb.
599 2939 647 2975 It
668 2960 713 2964 -
732 2949 799 2973 uas
826 2948 905 2972 esse
930 2937 1051 2972 Nice:
1077 2945 1183 2971 vasse
1201 2937 1237 2971 A
1262 2947 1349 2971 vase
1368 2937 1405 2971 Β

308 2989 375 3021 566
401 2997 467 3031 per
491 2997 561 3038 ery.
582 2986 685 3021 Nice.
706 3007 751 3011 ——
770 2984 894 3020 mixti:
920 2985 1012 3019 verb.
1032 2984 1135 3018 Nice.
1221 2987 1287 3018 571
1313 2994 1476 3019 movere:
1502 2984 1594 3018 verb.
1614 2983 1743 3018 Lamb.

306 3044 407 3068 mam
432 3032 537 3068 serit:
563 3034 654 3068 verb.
676 3034 804 3068 Lamb.
831 3053 876 3057 —
897 3031 944 3066 si:
972 3030 1025 3066 sic
1050 3031 1086 3064 A

309 3080 435 3114 anima

308 3138 412 3181 aper:
439 3128 531 3162 verb.
552 3127 608 3162 Β2
703 3131 771 3162 582
799 3138 843 3162 ex
867 3128 931 3162 It:
965 3137 1010 3161 ea
1106 3129 1174 3160 583
1202 3125 1329 3160 anima
1353 3125 1448 3161 eius:
1480 3127 1572 3161 verb.
1592 3126 1639 3160 It
1737 3127 1804 3159 586
1829 3124 2006 3158 manante

307 3174 433 3209 anima
458 3185 575 3219 usque
601 3175 763 3218 Lachm„
790 3174 916 3209 anima
941 3175 1139 3208 emanante
1170 3173 1291 3209 Waks
1320 3174 1477 3208 manant
1501 3172 1722 3216 animaeque

1487 2940 1555 2971 564
1581 2935 1709 2971 06111118
1733 2934 1830 2981 ipse:
1856 2936 1947 2970 verb.
1958 2935 2005 2970 It.

1834 2986 1902 3017 573
1928 2981 2007 3017 ani-

1170 3035 1239 3066 574
1264 3031 1303 3065 in
1329 3042 1368 3066 86
1394 3031 1557 3066 animam
1588 3030 1709 3066 Wala:
1736 3040 1816 3065 sese
1842 3031 1936 3076 (esse
1950 3029 2005 3075 Β)

519 3084 586 3115 576
613 3091 728 3125 quare
753 3079 824 3115 13²³:
851 3089 947 3123 quae
971 3079 1008 3113 A
1032 3089 1105 3122 que
1130 3078 1166 3112 Β
1251 3082 1319 3113 578
1343 3078 1496 3113 satiare:
1522 3078 1613 3113 verb.
1634 3077 1690 3112 Α2
1777 3079 1846 3111 580
1870 3086 2007 3121 neque-
