2092 3438
330 206 385 247 14
717 206 756 242 Τ.
783 205 990 242 LUCRETI
1014 206 1126 243 CARI
1151 207 1215 242 DE
1241 207 1413 244 RERUM
1436 208 1639 244 NATURA

475 314 583 356 acris
615 316 658 355 et
688 314 735 356 in
765 329 894 357 uenas
925 315 1121 358 discessit
1152 316 1312 359 diditus
1344 317 1487 373 ardor,

475 385 750 440 consequitur
781 386 973 442 grauitas
1005 387 1314 444 membrorum,
1344 388 1677 443 praepediuntur

474 470 596 498 crura
626 455 865 513 uacillanti,
895 458 1099 501 tardescit
1129 458 1296 515 lingua,
1326 459 1468 501 madet
1498 474 1636 515 mens,

324 537 394 568 480
472 529 577 568 nant
609 526 740 585 oculi,
771 528 930 570 clamor
962 529 1178 586 singultus
1208 530 1349 586 iurgia
1380 530 1587 587 gliscunt,

473 600 515 639 et
546 597 630 639 iam
662 601 802 640 cetera
834 599 884 640 de
915 613 1068 656 genere
1098 600 1180 643 hoc
1211 615 1501 656 quaecumque
1533 604 1751 658 secuntur,

471 683 545 710 cur
576 684 624 711 ea
656 672 772 722 sunt,
803 670 889 712 nisi
921 671 1036 726 quod
1066 686 1239 714 uemens
1270 671 1477 714 uiolentia
1507 673 1598 715 uini

471 740 726 782 conturbare
758 741 944 783 animam
975 743 1200 785 consueuit
1231 757 1407 798 corpore
1438 743 1485 785 in
1515 743 1638 798 ipso?

470 813 514 852 at
545 826 834 867 quaecumque
866 816 1029 868 queunt
1061 814 1309 856 conturbari
1340 814 1468 869 inque
1500 814 1654 870 pcdiri,

320 891 390 923 485
470 882 732 939 significant,
764 883 893 939 paulo
925 884 962 926 si
993 884 1140 927 durior
1170 885 1400 927 insinuarit

469 968 613 1010 causa,
642 954 743 996 fore.
765 957 814 997 ut
845 958 1022 1010 pereant
1054 971 1158 999 aeuo
1190 956 1361 1012 priuata
1391 957 1549 999 futuro.

469 1025 573 1079 quin
604 1025 733 1067 etiam
765 1025 910 1068 subito
942 1027 987 1068 ui
1017 1027 1157 1069 morbi
1189 1042 1313 1083 saepe
1344 1030 1515 1070 coactus

467 1098 566 1138 ante
598 1097 743 1138 oculos
777 1096 932 1153 aliquis
963 1100 1156 1155 nostros,
1186 1101 1235 1140 ut
1266 1099 1458 1140 fulminis
1490 1099 1595 1155 ictu,

467 1167 652 1209 concidit
683 1170 726 1210 et
758 1183 930 1223 spumas
962 1169 1070 1226 agit,
1101 1170 1282 1226 ingemit
1313 1173 1356 1212 et
1386 1170 1532 1212 tremit
1564 1172 1702 1227 artus,

316 1247 387 1278 490
467 1237 641 1293 desipit,
673 1241 865 1280 extentat
894 1253 1070 1296 neruos,
1099 1242 1345 1296 torquetur,
1376 1240 1548 1283 anhelat

464 1308 772 1365 inconstanter,
805 1312 847 1351 et
878 1310 923 1351 in
954 1311 1150 1354 iactando
1181 1311 1374 1354 membra
1403 1311 1576 1369 fatigat,

463 1380 684 1435 nimirum,
717 1380 818 1436 quia
848 1381 915 1423 uis
946 1382 1088 1424 morbi
1119 1382 1324 1426 distracta
1354 1397 1430 1438 per
1461 1385 1579 1426 artus

464 1450 646 1493 *turbat
678 1465 807 1508 agens
840 1452 1026 1494 animam
1057 1468 1259 1509 spumans
1291 1454 1337 1496 in
1368 1468 1550 1510 aequore
1581 1454 1694 1497 salso

463 1525 692 1564 uentorum
722 1523 877 1565 ualidis
908 1523 1153 1567 feruescunt
1183 1525 1349 1568 uiribus
1379 1525 1527 1568 undae.

314 1603 382 1634 495
463 1593 716 1648 exprimitur
746 1609 875 1649 porro
908 1596 1115 1654 gemitus,
1146 1596 1246 1652 quia
1276 1596 1467 1639 membra
1498 1596 1644 1639 dolore

463 1664 736 1721 adficiuntur,
767 1667 810 1706 et
842 1665 1014 1708 omnino
1048 1667 1163 1722 quod
1195 1667 1356 1709 semina
1387 1667 1505 1709 uocis

463 1735 674 1777 eiciuntur
706 1738 749 1778 et
780 1751 852 1778 ore
882 1737 998 1779 foras
1031 1737 1269 1793 glomerata
1298 1738 1513 1795 feruntur,

463 1821 547 1861 qua
578 1807 701 1862 quasi
733 1811 993 1850 consuerunt
1023 1811 1066 1850 et
1099 1812 1200 1851 sunt
1230 1810 1397 1852 munita
1427 1809 1525 1852 uiai.

461 1877 714 1933 desipientia
744 1879 812 1935 fit,
844 1879 944 1934 quia
974 1880 1042 1922 uis
1074 1880 1205 1922 animi
1238 1884 1365 1936 atque
1397 1881 1553 1923 animai

313 1959 382 1990 500
461 1949 742 1991 conturbatur
773 1952 834 2006 et,
864 1952 914 1991 ut
945 1950 1087 2006 docui,
1117 1951 1256 1993 diuisa
1287 1966 1479 1994 seorsum

460 2019 708 2062 disiectatur
738 2020 885 2062 eodem
914 2021 990 2063 illo
1022 2022 1227 2064 distracta
1255 2037 1429 2066 veneno.

460 2090 557 2132 inde
588 2090 664 2132 ubi
695 2091 780 2133 iam
811 2092 953 2134 morbi
982 2092 1150 2135 reflexit
1180 2108 1325 2151 causa,
1355 2094 1548 2150 reditque

460 2162 506 2203 in
535 2162 724 2204 latebras
755 2177 849 2204 acer
880 2165 1070 2219 corrupti
1102 2165 1292 2220 corporis
1323 2180 1464 2223 umor,

458 2236 551 2275 tum
583 2234 704 2289 quasi
736 2234 964 2276 uaccillans
996 2235 1182 2290 primum
1213 2237 1435 2293 consurgit
1466 2239 1508 2279 et
1541 2237 1678 2280 omnis

313 2315 381 2346 505
460 2304 668 2359 paulatim
699 2305 809 2347 redit
839 2305 886 2347 in
917 2320 1065 2348 sensus
1098 2307 1366 2363 animamque
1396 2310 1596 2363 receptat.

457 2375 562 2417 haec
593 2375 728 2432 igitur
759 2376 892 2419 tantis
925 2377 1000 2418 ubi
1030 2378 1193 2420 morbis
1224 2393 1399 2434 corpore
1430 2379 1476 2420 in
1505 2379 1599 2434 ipso

457 2447 670 2488 iactentur
701 2447 952 2502 miserisque
982 2449 1120 2491 modis
1152 2448 1357 2491 distracta
1386 2450 1602 2508 laborent,

458 2533 533 2560 cur
564 2518 709 2561 eadem
740 2518 873 2560 credis
906 2518 996 2560 sine
1027 2533 1203 2574 corpore
1233 2520 1279 2561 in
1310 2535 1405 2562 aere
1437 2523 1584 2576 aperto

456 2604 552 2631 cum
583 2589 738 2631 ualidis
770 2590 911 2632 uentis
944 2592 1126 2632 aetatem
1158 2591 1309 2646 degere
1339 2592 1493 2647 posse?

309 2671 377 2701 510
456 2663 498 2702 et
530 2661 732 2715 quoniam
762 2663 947 2703 mentem
979 2661 1138 2718 sanari,
1169 2676 1324 2716 corpus
1356 2665 1405 2704 ut
1436 2677 1628 2719 aegrum,

457 2731 666 2774 cernimus
699 2734 742 2774 et
772 2731 888 2774 flecti
919 2731 1126 2774 medicina
1156 2747 1283 2788 posse
1313 2733 1528 2792 uidemus,

454 2802 498 2844 id
529 2817 699 2858 quoquc
730 2803 946 2859 praesagit
975 2803 1201 2845 mortalem
1231 2804 1377 2846 uiuere
1407 2807 1604 2847 mentem.

456 2873 605 2915 addere
636 2874 749 2916 enim
779 2874 914 2929 partis
947 2877 1021 2916 aut
1053 2874 1199 2916 ordine
1230 2875 1430 2921 traiecere
1462 2879 1651 2919 aecumst

454 2946 527 2986 aut
558 2944 720 2999 aliquid
750 2959 926 3000 prosum
958 2945 1008 2987 de
1040 2960 1206 2988 summa
1237 2946 1457 2988 detrahere
1488 2947 1644 3004 hilum,

399 3075 468 3106 479
493 3072 731 3108 uaciliaanti:
760 3074 851 3109 verb.
871 3073 927 3108 A²
1021 3076 1089 3108 482
1116 3085 1181 3108 cur
1206 3084 1252 3108 ea
1275 3074 1396 3110 Nica:
1423 3075 1539 3110 curba
1633 3079 1702 3111 492
1727 3087 1818 3121 qua:
1843 3076 1936 3111 verb.
1956 3077 2004 3112 It.

304 3123 373 3154 493
399 3120 446 3155 ist
469 3120 682 3155 verdorben:
712 3121 804 3156 viell.
831 3121 976 3165 turbat,
1010 3131 1124 3166 agens
1151 3120 1277 3156 anima
1302 3133 1468 3167 spumaS‚
1496 3124 1538 3157 ut
1609 3126 1678 3158 497
1705 3123 1891 3158 eiciuntur
1917 3124 2006 3159 ‘viri

305 3167 516 3202 doetissimi’
545 3168 599 3202 bei
623 3168 769 3204 Lamb.:
797 3167 997 3203 eliciuntur
