<?xml version="1.0" encoding="UTF-8"?>
<!DOCTYPE html PUBLIC "-//W3C//DTD XHTML 1.0 Transitional//EN"
    "http://www.w3.org/TR/xhtml1/DTD/xhtml1-transitional.dtd">
<html xmlns="http://www.w3.org/1999/xhtml" xml:lang="en" lang="en">
 <head>
  <title>
</title>
<meta http-equiv="Content-Type" content="text/html;charset=utf-8" />
  <meta name='ocr-system' content='tesseract 3.04.00' />
  <meta name='ocr-capabilities' content='ocr_page ocr_carea ocr_par ocr_line ocrx_word'/>
</head>
<body>
  <div class='ocr_page' id='page_1' title='image "./dererumnaturabuc00lucruoft/dererumnaturabuc00lucruoft_0038.png"; bbox 0 0 2092 3438; ppageno 0'>
   <div class='ocr_carea' id='block_1_1' title="bbox 333 221 1642 267">
    <p class='ocr_par' dir='ltr' id='par_1_1' title="bbox 333 221 1642 267">
     <span class='ocr_line' id='line_1_1' title="bbox 333 221 1642 267; baseline -0.008 0"><span class='ocrx_word' id='word_1_1' title='bbox 333 225 388 267; x_wconf 79' lang='grc'>26</span> <span class='ocrx_word' id='word_1_2' title='bbox 721 223 760 259; x_wconf 92' lang='grc' dir='ltr'>Τ.</span> <span class='ocrx_word' id='word_1_3' title='bbox 787 222 993 259; x_wconf 87' lang='lat' dir='ltr'>LUCRETI</span> <span class='ocrx_word' id='word_1_4' title='bbox 1018 222 1131 258; x_wconf 86' lang='lat' dir='ltr'><strong>CARI</strong></span> <span class='ocrx_word' id='word_1_5' title='bbox 1154 222 1217 258; x_wconf 87' lang='lat' dir='ltr'>DE</span> <span class='ocrx_word' id='word_1_6' title='bbox 1244 221 1415 257; x_wconf 82' lang='lat' dir='ltr'>RERUM</span> <span class='ocrx_word' id='word_1_7' title='bbox 1440 221 1642 257; x_wconf 85' lang='lat' dir='ltr'><strong>NATURA</strong></span> 
     </span>
    </p>
   </div>
   <div class='ocr_carea' id='block_1_2' title="bbox 332 331 1834 2878">
    <p class='ocr_par' dir='ltr' id='par_1_2' title="bbox 479 331 1635 387">
     <span class='ocr_line' id='line_1_2' title="bbox 479 331 1635 387; baseline -0.003 -11"><span class='ocrx_word' id='word_1_8' title='bbox 479 349 579 376; x_wconf 88' lang='lat' dir='ltr'>nam</span> <span class='ocrx_word' id='word_1_9' title='bbox 609 333 709 375; x_wconf 88' lang='lat' dir='ltr'>licet</span> <span class='ocrx_word' id='word_1_10' title='bbox 740 334 958 375; x_wconf 90' lang='lat' dir='ltr'>aeternum</span> <span class='ocrx_word' id='word_1_11' title='bbox 988 346 1063 387; x_wconf 91' lang='lat' dir='ltr'>per</span> <span class='ocrx_word' id='word_1_12' title='bbox 1093 345 1173 374; x_wconf 89' lang='grc'>1100</span> <span class='ocrx_word' id='word_1_13' title='bbox 1205 331 1266 374; x_wconf 85' lang='grc'>010</span> <span class='ocrx_word' id='word_1_14' title='bbox 1297 345 1388 373; x_wconf 84' lang='lat' dir='ltr'>esse</span> <span class='ocrx_word' id='word_1_15' title='bbox 1421 345 1635 387; x_wconf 88' lang='lat' dir='ltr'>soporem,</span> 
     </span>
    </p>

    <p class='ocr_par' dir='ltr' id='par_1_3' title="bbox 479 402 1475 447">
     <span class='ocr_line' id='line_1_3' title="bbox 479 402 1475 447; baseline -0.002 -1"><span class='ocrx_word' id='word_1_16' title='bbox 479 419 556 447; x_wconf 91' lang='lat' dir='ltr'>nec</span> <span class='ocrx_word' id='word_1_17' title='bbox 587 403 842 446; x_wconf 86' lang='lat' dir='ltr'>desiderium</span> <span class='ocrx_word' id='word_1_18' title='bbox 871 403 1010 446; x_wconf 87' lang='lat' dir='ltr'>nostri</span> <span class='ocrx_word' id='word_1_19' title='bbox 1039 417 1118 445; x_wconf 90' lang='lat' dir='ltr'>nos</span> <span class='ocrx_word' id='word_1_20' title='bbox 1149 402 1292 445; x_wconf 87' lang='lat' dir='ltr'>adficit</span> <span class='ocrx_word' id='word_1_21' title='bbox 1322 402 1475 444; x_wconf 91' lang='lat' dir='ltr'>ullum:</span> 
     </span>
    </p>

    <p class='ocr_par' dir='ltr' id='par_1_4' title="bbox 479 473 1782 602">
     <span class='ocr_line' id='line_1_4' title="bbox 483 473 1782 530; baseline -0.002 -13"><span class='ocrx_word' id='word_1_22' title='bbox 483 478 525 518; x_wconf 89' lang='lat' dir='ltr'>et</span> <span class='ocrx_word' id='word_1_23' title='bbox 555 477 699 517; x_wconf 87' lang='lat' dir='ltr'>tamen</span> <span class='ocrx_word' id='word_1_24' title='bbox 728 474 843 517; x_wconf 87' lang='lat' dir='ltr'>haud</span> <span class='ocrx_word' id='word_1_25' title='bbox 874 489 1087 530; x_wconf 89' lang='lat' dir='ltr'>quaquam</span> <span class='ocrx_word' id='word_1_26' title='bbox 1116 476 1289 517; x_wconf 84' lang='lat' dir='ltr'>nostros</span> <span class='ocrx_word' id='word_1_27' title='bbox 1319 476 1422 516; x_wconf 90' lang='lat' dir='ltr'>tunc</span> <span class='ocrx_word' id='word_1_28' title='bbox 1451 473 1526 516; x_wconf 79' lang='lat' dir='ltr'>illa</span> <span class='ocrx_word' id='word_1_29' title='bbox 1555 488 1632 528; x_wconf 94' lang='lat' dir='ltr'>per</span> <span class='ocrx_word' id='word_1_30' title='bbox 1663 474 1782 516; x_wconf 86' lang='lat' dir='ltr'>artus</span> 
     </span>
     <span class='ocr_line' id='line_1_5' title="bbox 479 545 1620 602; baseline -0.002 -14"><span class='ocrx_word' id='word_1_31' title='bbox 479 546 609 602; x_wconf 87' lang='lat' dir='ltr'>longe</span> <span class='ocrx_word' id='word_1_32' title='bbox 640 546 692 588; x_wconf 86' lang='lat' dir='ltr'>ab</span> <span class='ocrx_word' id='word_1_33' title='bbox 725 545 941 588; x_wconf 80' lang='lat' dir='ltr'>sensiferis</span> <span class='ocrx_word' id='word_1_34' title='bbox 972 545 1206 601; x_wconf 90' lang='lat' dir='ltr'>primordia</span> <span class='ocrx_word' id='word_1_35' title='bbox 1235 545 1425 587; x_wconf 87' lang='lat' dir='ltr'>motibus</span> <span class='ocrx_word' id='word_1_36' title='bbox 1457 546 1620 601; x_wconf 85' lang='lat' dir='ltr'>errant,</span> 
     </span>
    </p>

    <p class='ocr_par' dir='ltr' id='par_1_5' title="bbox 334 615 1812 958">
     <span class='ocr_line' id='line_1_6' title="bbox 334 615 1664 672; baseline -0.002 -12"><span class='ocrx_word' id='word_1_37' title='bbox 334 629 401 661; x_wconf 81' lang='lat'>925</span> <span class='ocrx_word' id='word_1_38' title='bbox 481 632 576 659; x_wconf 89' lang='lat' dir='ltr'>cum</span> <span class='ocrx_word' id='word_1_39' title='bbox 608 619 827 672; x_wconf 89' lang='lat' dir='ltr'>correptus</span> <span class='ocrx_word' id='word_1_40' title='bbox 857 616 985 659; x_wconf 92' lang='lat' dir='ltr'>homo</span> <span class='ocrx_word' id='word_1_41' title='bbox 1018 631 1068 659; x_wconf 86' lang='lat' dir='ltr'>ex</span> <span class='ocrx_word' id='word_1_42' title='bbox 1101 630 1249 659; x_wconf 86' lang='lat' dir='ltr'>somno</span> <span class='ocrx_word' id='word_1_43' title='bbox 1282 630 1326 658; x_wconf 87' lang='lat' dir='ltr'>se</span> <span class='ocrx_word' id='word_1_44' title='bbox 1357 615 1532 672; x_wconf 84' lang='lat' dir='ltr'>colligat</span> <span class='ocrx_word' id='word_1_45' title='bbox 1563 615 1664 671; x_wconf 88' lang='lat' dir='ltr'>ipse.</span> 
     </span>
     <span class='ocr_line' id='line_1_7' title="bbox 478 686 1812 744; baseline -0.001 -14"><span class='ocrx_word' id='word_1_46' title='bbox 478 688 617 730; x_wconf 91' lang='lat' dir='ltr'>multo</span> <span class='ocrx_word' id='word_1_47' title='bbox 648 688 782 744; x_wconf 89' lang='lat' dir='ltr'>igitur</span> <span class='ocrx_word' id='word_1_48' title='bbox 813 690 994 730; x_wconf 83' lang='lat' dir='ltr'>mortem</span> <span class='ocrx_word' id='word_1_49' title='bbox 1026 688 1168 729; x_wconf 90' lang='lat' dir='ltr'>minus</span> <span class='ocrx_word' id='word_1_50' title='bbox 1201 687 1253 729; x_wconf 87' lang='lat' dir='ltr'>ad</span> <span class='ocrx_word' id='word_1_51' title='bbox 1282 702 1361 729; x_wconf 88' lang='lat' dir='ltr'>nos</span> <span class='ocrx_word' id='word_1_52' title='bbox 1394 701 1484 729; x_wconf 88' lang='lat' dir='ltr'>esse</span> <span class='ocrx_word' id='word_1_53' title='bbox 1514 686 1812 742; x_wconf 82' lang='lat' dir='ltr'>putandumst3</span> 
     </span>
     <span class='ocr_line' id='line_1_8' title="bbox 481 757 1748 814; baseline -0.002 -12"><span class='ocrx_word' id='word_1_54' title='bbox 481 760 517 802; x_wconf 89' lang='lat' dir='ltr'>si</span> <span class='ocrx_word' id='word_1_55' title='bbox 548 760 690 802; x_wconf 85' lang='lat' dir='ltr'>minus</span> <span class='ocrx_word' id='word_1_56' title='bbox 722 774 813 802; x_wconf 91' lang='lat' dir='ltr'>esse</span> <span class='ocrx_word' id='word_1_57' title='bbox 843 761 987 814; x_wconf 86' lang='lat' dir='ltr'>potest</span> <span class='ocrx_word' id='word_1_58' title='bbox 1020 773 1148 814; x_wconf 89' lang='lat' dir='ltr'>quam</span> <span class='ocrx_word' id='word_1_59' title='bbox 1179 758 1293 813; x_wconf 91' lang='lat' dir='ltr'>quod</span> <span class='ocrx_word' id='word_1_60' title='bbox 1322 758 1386 800; x_wconf 89' lang='lat' dir='ltr'>nil</span> <span class='ocrx_word' id='word_1_61' title='bbox 1416 772 1507 800; x_wconf 89' lang='lat' dir='ltr'>esse</span> <span class='ocrx_word' id='word_1_62' title='bbox 1539 757 1748 800; x_wconf 84' lang='lat' dir='ltr'>uidemus:</span> 
     </span>
     <span class='ocr_line' id='line_1_9' title="bbox 480 829 1450 873; baseline -0.002 0"><span class='ocrx_word' id='word_1_63' title='bbox 480 831 617 873; x_wconf 90' lang='lat' dir='ltr'>maior</span> <span class='ocrx_word' id='word_1_64' title='bbox 648 831 759 873; x_wconf 83' lang='lat' dir='ltr'>enim</span> <span class='ocrx_word' id='word_1_65' title='bbox 791 830 919 872; x_wconf 83' lang='lat' dir='ltr'>turba</span> <span class='ocrx_word' id='word_1_66' title='bbox 950 832 993 872; x_wconf 89' lang='lat' dir='ltr'>et</span> <span class='ocrx_word' id='word_1_67' title='bbox 1023 829 1224 872; x_wconf 87' lang='lat' dir='ltr'>disiectus</span> <span class='ocrx_word' id='word_1_68' title='bbox 1255 829 1450 871; x_wconf 85' lang='lat' dir='ltr'>materiai</span> 
     </span>
     <span class='ocr_line' id='line_1_10' title="bbox 481 900 1704 958; baseline -0.002 -13"><span class='ocrx_word' id='word_1_69' title='bbox 481 902 757 958; x_wconf 88' lang='lat' dir='ltr'>consequitur</span> <span class='ocrx_word' id='word_1_70' title='bbox 786 901 894 958; x_wconf 88' lang='lat' dir='ltr'>leto,</span> <span class='ocrx_word' id='word_1_71' title='bbox 923 915 1001 943; x_wconf 92' lang='lat' dir='ltr'>nec</span> <span class='ocrx_word' id='word_1_72' title='bbox 1033 901 1259 956; x_wconf 89' lang='lat' dir='ltr'>quisquam</span> <span class='ocrx_word' id='word_1_73' title='bbox 1291 900 1536 956; x_wconf 74' lang='lat' dir='ltr'>expergitus</span> <span class='ocrx_word' id='word_1_74' title='bbox 1568 902 1704 956; x_wconf 85' lang='lat' dir='ltr'>extat,</span> 
     </span>
    </p>

    <p class='ocr_par' dir='ltr' id='par_1_6' title="bbox 335 971 1542 1029">
     <span class='ocr_line' id='line_1_11' title="bbox 335 971 1542 1029; baseline -0.002 -13"><span class='ocrx_word' id='word_1_75' title='bbox 335 985 404 1016; x_wconf 89' lang='grc'>930</span> <span class='ocrx_word' id='word_1_76' title='bbox 482 973 638 1029; x_wconf 86' lang='lat' dir='ltr'>frigida</span> <span class='ocrx_word' id='word_1_77' title='bbox 670 983 796 1028; x_wconf 86' lang='lat' dir='ltr'>quem</span> <span class='ocrx_word' id='word_1_78' title='bbox 828 972 958 1014; x_wconf 91' lang='lat' dir='ltr'>semel</span> <span class='ocrx_word' id='word_1_79' title='bbox 988 974 1053 1014; x_wconf 91' lang='lat' dir='ltr'>est</span> <span class='ocrx_word' id='word_1_80' title='bbox 1085 971 1192 1013; x_wconf 84' lang='lat' dir='ltr'>uitai</span> <span class='ocrx_word' id='word_1_81' title='bbox 1222 985 1357 1027; x_wconf 87' lang='lat' dir='ltr'>pausa</span> <span class='ocrx_word' id='word_1_82' title='bbox 1388 973 1542 1013; x_wconf 83' lang='lat' dir='ltr'>secuta.</span> 
     </span>
    </p>

    <p class='ocr_par' dir='ltr' id='par_1_7' title="bbox 481 1043 1802 1314">
     <span class='ocr_line' id='line_1_12' title="bbox 539 1043 1542 1100; baseline -0.003 -14"><span class='ocrx_word' id='word_1_83' title='bbox 539 1043 733 1100; x_wconf 91' lang='lat' dir='ltr'>Denique</span> <span class='ocrx_word' id='word_1_84' title='bbox 766 1044 803 1085; x_wconf 89' lang='lat' dir='ltr'>si</span> <span class='ocrx_word' id='word_1_85' title='bbox 833 1058 981 1085; x_wconf 90' lang='lat' dir='ltr'>uocem</span> <span class='ocrx_word' id='word_1_86' title='bbox 1011 1058 1154 1085; x_wconf 91' lang='lat' dir='ltr'>rerum</span> <span class='ocrx_word' id='word_1_87' title='bbox 1184 1044 1339 1084; x_wconf 87' lang='lat' dir='ltr'>natura</span> <span class='ocrx_word' id='word_1_88' title='bbox 1369 1044 1542 1097; x_wconf 87' lang='lat' dir='ltr'>repente</span> 
     </span>
     <span class='ocr_line' id='line_1_13' title="bbox 481 1113 1651 1168; baseline -0.003 -11"><span class='ocrx_word' id='word_1_89' title='bbox 481 1116 628 1158; x_wconf 87' lang='lat' dir='ltr'>mittat</span> <span class='ocrx_word' id='word_1_90' title='bbox 660 1118 702 1157; x_wconf 86' lang='lat' dir='ltr'>et</span> <span class='ocrx_word' id='word_1_91' title='bbox 731 1114 814 1156; x_wconf 89' lang='lat' dir='ltr'>hoc</span> <span class='ocrx_word' id='word_1_92' title='bbox 846 1114 971 1156; x_wconf 87' lang='lat' dir='ltr'>alicui</span> <span class='ocrx_word' id='word_1_93' title='bbox 1001 1116 1199 1156; x_wconf 88' lang='lat' dir='ltr'>nostrum</span> <span class='ocrx_word' id='word_1_94' title='bbox 1230 1113 1290 1155; x_wconf 88' lang='lat' dir='ltr'>sic</span> <span class='ocrx_word' id='word_1_95' title='bbox 1321 1113 1509 1168; x_wconf 84' lang='lat' dir='ltr'>increpet</span> <span class='ocrx_word' id='word_1_96' title='bbox 1539 1113 1651 1168; x_wconf 89' lang='lat' dir='ltr'>ipsa:</span> 
     </span>
     <span class='ocr_line' id='line_1_14' title="bbox 482 1183 1802 1242; baseline -0.002 -14"><span class='ocrx_word' id='word_1_97' title='bbox 482 1186 599 1242; x_wconf 75' lang='lat' dir='ltr'>‘quid</span> <span class='ocrx_word' id='word_1_98' title='bbox 629 1186 712 1228; x_wconf 86' lang='lat' dir='ltr'>tibi</span> <span class='ocrx_word' id='word_1_99' title='bbox 742 1187 865 1228; x_wconf 88' lang='lat' dir='ltr'>tanto</span> <span class='ocrx_word' id='word_1_100' title='bbox 898 1187 1085 1242; x_wconf 88' lang='lat' dir='ltr'>operest,</span> <span class='ocrx_word' id='word_1_101' title='bbox 1115 1184 1330 1242; x_wconf 85' lang='lat' dir='ltr'>mortalis,</span> <span class='ocrx_word' id='word_1_102' title='bbox 1360 1183 1474 1239; x_wconf 88' lang='lat' dir='ltr'>quod</span> <span class='ocrx_word' id='word_1_103' title='bbox 1503 1183 1631 1226; x_wconf 85' lang='lat' dir='ltr'>nimis</span> <span class='ocrx_word' id='word_1_104' title='bbox 1663 1183 1802 1240; x_wconf 80' lang='lat' dir='ltr'>aegris</span> 
     </span>
     <span class='ocr_line' id='line_1_15' title="bbox 481 1253 1764 1314; baseline -0.003 -14"><span class='ocrx_word' id='word_1_105' title='bbox 481 1257 669 1300; x_wconf 87' lang='lat' dir='ltr'>luctibus</span> <span class='ocrx_word' id='word_1_106' title='bbox 701 1256 925 1314; x_wconf 78' lang='lat' dir='ltr'>indulges?</span> <span class='ocrx_word' id='word_1_107' title='bbox 987 1256 1091 1311; x_wconf 87' lang='lat' dir='ltr'>quid</span> <span class='ocrx_word' id='word_1_108' title='bbox 1119 1257 1302 1297; x_wconf 89' lang='lat' dir='ltr'>mortem</span> <span class='ocrx_word' id='word_1_109' title='bbox 1333 1254 1550 1311; x_wconf 84' lang='lat' dir='ltr'>congemis</span> <span class='ocrx_word' id='word_1_110' title='bbox 1582 1269 1629 1297; x_wconf 86' lang='lat' dir='ltr'>ac</span> <span class='ocrx_word' id='word_1_111' title='bbox 1658 1253 1764 1296; x_wconf 76' lang='lat' dir='ltr'>fles?</span> 
     </span>
    </p>

    <p class='ocr_par' dir='ltr' id='par_1_8' title="bbox 332 1326 1689 1669">
     <span class='ocr_line' id='line_1_16' title="bbox 332 1326 1655 1385; baseline -0.003 -13"><span class='ocrx_word' id='word_1_112' title='bbox 332 1340 401 1372; x_wconf 89' lang='lat'>935</span> <span class='ocrx_word' id='word_1_113' title='bbox 479 1343 579 1371; x_wconf 89' lang='lat' dir='ltr'>nam</span> <span class='ocrx_word' id='word_1_114' title='bbox 611 1329 647 1371; x_wconf 88' lang='lat' dir='ltr'>si</span> <span class='ocrx_word' id='word_1_115' title='bbox 679 1331 802 1385; x_wconf 87' lang='lat' dir='ltr'>grata</span> <span class='ocrx_word' id='word_1_116' title='bbox 832 1328 916 1370; x_wconf 87' lang='lat' dir='ltr'>fuit</span> <span class='ocrx_word' id='word_1_117' title='bbox 947 1327 1029 1369; x_wconf 91' lang='lat' dir='ltr'>tibi</span> <span class='ocrx_word' id='word_1_118' title='bbox 1059 1327 1151 1369; x_wconf 87' lang='lat' dir='ltr'>uita</span> <span class='ocrx_word' id='word_1_119' title='bbox 1183 1328 1281 1368; x_wconf 89' lang='grc'>31110</span> <span class='ocrx_word' id='word_1_120' title='bbox 1311 1328 1406 1369; x_wconf 87' lang='grc'>3013</span> <span class='ocrx_word' id='word_1_121' title='bbox 1435 1326 1655 1383; x_wconf 85' lang='lat' dir='ltr'>priorque,</span> 
     </span>
     <span class='ocr_line' id='line_1_17' title="bbox 479 1397 1638 1454; baseline -0.003 -12"><span class='ocrx_word' id='word_1_122' title='bbox 479 1403 521 1442; x_wconf 88' lang='lat' dir='ltr'>et</span> <span class='ocrx_word' id='word_1_123' title='bbox 551 1414 637 1441; x_wconf 90' lang='lat' dir='ltr'>non</span> <span class='ocrx_word' id='word_1_124' title='bbox 670 1399 813 1441; x_wconf 89' lang='lat' dir='ltr'>omnia</span> <span class='ocrx_word' id='word_1_125' title='bbox 843 1401 1066 1454; x_wconf 89' lang='lat' dir='ltr'>pertusum</span> <span class='ocrx_word' id='word_1_126' title='bbox 1097 1399 1302 1454; x_wconf 83' lang='lat' dir='ltr'>congesta</span> <span class='ocrx_word' id='word_1_127' title='bbox 1333 1397 1455 1453; x_wconf 87' lang='lat' dir='ltr'>quasi</span> <span class='ocrx_word' id='word_1_128' title='bbox 1485 1397 1530 1438; x_wconf 90' lang='lat' dir='ltr'>in</span> <span class='ocrx_word' id='word_1_129' title='bbox 1561 1411 1638 1439; x_wconf 86' lang='lat' dir='ltr'>uas</span> 
     </span>
     <span class='ocr_line' id='line_1_18' title="bbox 480 1468 1575 1526; baseline -0.003 -13"><span class='ocrx_word' id='word_1_130' title='bbox 480 1470 700 1513; x_wconf 90' lang='lat' dir='ltr'>commoda</span> <span class='ocrx_word' id='word_1_131' title='bbox 730 1470 967 1526; x_wconf 83' lang='lat' dir='ltr'>perfluxere</span> <span class='ocrx_word' id='word_1_132' title='bbox 998 1472 1127 1525; x_wconf 88' lang='lat' dir='ltr'>atque</span> <span class='ocrx_word' id='word_1_133' title='bbox 1157 1469 1328 1525; x_wconf 82' lang='lat' dir='ltr'>ingrata</span> <span class='ocrx_word' id='word_1_134' title='bbox 1357 1468 1575 1525; x_wconf 89' lang='lat' dir='ltr'>interiere,</span> 
     </span>
     <span class='ocr_line' id='line_1_19' title="bbox 480 1539 1482 1597; baseline -0.004 -12"><span class='ocrx_word' id='word_1_135' title='bbox 480 1558 554 1585; x_wconf 87' lang='lat' dir='ltr'>cur</span> <span class='ocrx_word' id='word_1_136' title='bbox 583 1557 671 1585; x_wconf 89' lang='lat' dir='ltr'>non</span> <span class='ocrx_word' id='word_1_137' title='bbox 701 1545 750 1584; x_wconf 90' lang='lat' dir='ltr'>ut</span> <span class='ocrx_word' id='word_1_138' title='bbox 781 1541 931 1597; x_wconf 90' lang='lat' dir='ltr'>plenus</span> <span class='ocrx_word' id='word_1_139' title='bbox 961 1541 1077 1583; x_wconf 87' lang='lat' dir='ltr'>uitae</span> <span class='ocrx_word' id='word_1_140' title='bbox 1109 1540 1292 1583; x_wconf 88' lang='lat' dir='ltr'>conuiua</span> <span class='ocrx_word' id='word_1_141' title='bbox 1322 1539 1482 1582; x_wconf 82' lang='lat' dir='ltr'>recedis</span> 
     </span>
     <span class='ocr_line' id='line_1_20' title="bbox 479 1611 1689 1669; baseline -0.003 -13"><span class='ocrx_word' id='word_1_142' title='bbox 479 1629 614 1669; x_wconf 87' lang='lat' dir='ltr'>aequo</span> <span class='ocrx_word' id='word_1_143' title='bbox 646 1613 872 1668; x_wconf 86' lang='lat' dir='ltr'>animoque</span> <span class='ocrx_word' id='word_1_144' title='bbox 904 1613 1020 1668; x_wconf 88' lang='lat' dir='ltr'>capis</span> <span class='ocrx_word' id='word_1_145' title='bbox 1053 1626 1260 1669; x_wconf 86' lang='lat' dir='ltr'>securam,</span> <span class='ocrx_word' id='word_1_146' title='bbox 1291 1611 1442 1669; x_wconf 85' lang='lat' dir='ltr'>stulte,</span> <span class='ocrx_word' id='word_1_147' title='bbox 1474 1611 1689 1666; x_wconf 76' lang='lat' dir='ltr'>quietem?</span> 
     </span>
    </p>

    <p class='ocr_par' dir='ltr' id='par_1_9' title="bbox 332 1682 1802 2025">
     <span class='ocr_line' id='line_1_21' title="bbox 332 1682 1668 1740; baseline -0.004 -12"><span class='ocrx_word' id='word_1_148' title='bbox 332 1697 401 1728; x_wconf 87' lang='grc'>940</span> <span class='ocrx_word' id='word_1_149' title='bbox 481 1686 549 1727; x_wconf 85' lang='grc'>0111</span> <span class='ocrx_word' id='word_1_150' title='bbox 580 1699 628 1727; x_wconf 89' lang='grc'>03</span> <span class='ocrx_word' id='word_1_151' title='bbox 660 1699 768 1740; x_wconf 88' lang='lat' dir='ltr'>quae</span> <span class='ocrx_word' id='word_1_152' title='bbox 798 1684 964 1726; x_wconf 86' lang='lat' dir='ltr'>fructus</span> <span class='ocrx_word' id='word_1_153' title='bbox 995 1698 1175 1738; x_wconf 89' lang='lat' dir='ltr'>cumque</span> <span class='ocrx_word' id='word_1_154' title='bbox 1206 1697 1250 1725; x_wconf 89' lang='lat' dir='ltr'>es</span> <span class='ocrx_word' id='word_1_155' title='bbox 1281 1682 1443 1738; x_wconf 91' lang='lat' dir='ltr'>periere</span> <span class='ocrx_word' id='word_1_156' title='bbox 1473 1682 1668 1739; x_wconf 87' lang='lat' dir='ltr'>profusa,</span> 
     </span>
     <span class='ocr_line' id='line_1_22' title="bbox 479 1752 1704 1811; baseline -0.003 -13"><span class='ocrx_word' id='word_1_157' title='bbox 479 1756 654 1811; x_wconf 89' lang='lat' dir='ltr'>uitaque</span> <span class='ocrx_word' id='word_1_158' title='bbox 685 1756 732 1798; x_wconf 89' lang='grc'>111</span> <span class='ocrx_word' id='word_1_159' title='bbox 762 1755 984 1811; x_wconf 62' lang='grc'>0110110301,</span> <span class='ocrx_word' id='word_1_160' title='bbox 1014 1769 1088 1796; x_wconf 83' lang='lat' dir='ltr'>cur</span> <span class='ocrx_word' id='word_1_161' title='bbox 1120 1753 1302 1809; x_wconf 90' lang='lat' dir='ltr'>amplius</span> <span class='ocrx_word' id='word_1_162' title='bbox 1334 1752 1485 1795; x_wconf 86' lang='lat' dir='ltr'>addere</span> <span class='ocrx_word' id='word_1_163' title='bbox 1517 1752 1704 1808; x_wconf 87' lang='lat' dir='ltr'>quaeris,</span> 
     </span>
     <span class='ocr_line' id='line_1_23' title="bbox 479 1823 1802 1882; baseline -0.003 -13"><span class='ocrx_word' id='word_1_164' title='bbox 479 1842 651 1869; x_wconf 88' lang='lat' dir='ltr'>rursum</span> <span class='ocrx_word' id='word_1_165' title='bbox 683 1827 795 1882; x_wconf 90' lang='lat' dir='ltr'>quod</span> <span class='ocrx_word' id='word_1_166' title='bbox 826 1827 972 1881; x_wconf 88' lang='lat' dir='ltr'>pereat</span> <span class='ocrx_word' id='word_1_167' title='bbox 1002 1825 1111 1867; x_wconf 89' lang='lat' dir='ltr'>male</span> <span class='ocrx_word' id='word_1_168' title='bbox 1143 1827 1185 1866; x_wconf 91' lang='lat' dir='ltr'>et</span> <span class='ocrx_word' id='word_1_169' title='bbox 1216 1825 1435 1881; x_wconf 88' lang='lat' dir='ltr'>ingratum</span> <span class='ocrx_word' id='word_1_170' title='bbox 1465 1823 1628 1866; x_wconf 86' lang='lat' dir='ltr'>occidat</span> <span class='ocrx_word' id='word_1_171' title='bbox 1660 1838 1802 1880; x_wconf 90' lang='lat' dir='ltr'>omne,</span> 
     </span>
     <span class='ocr_line' id='line_1_24' title="bbox 478 1895 1556 1954; baseline -0.004 -13"><span class='ocrx_word' id='word_1_172' title='bbox 478 1913 567 1940; x_wconf 93' lang='grc'>11011</span> <span class='ocrx_word' id='word_1_173' title='bbox 596 1899 741 1954; x_wconf 89' lang='lat' dir='ltr'>potius</span> <span class='ocrx_word' id='word_1_174' title='bbox 773 1898 888 1940; x_wconf 88' lang='lat' dir='ltr'>uitae</span> <span class='ocrx_word' id='word_1_175' title='bbox 913 1897 1042 1939; x_wconf 91' lang='lat' dir='ltr'>finem</span> <span class='ocrx_word' id='word_1_176' title='bbox 1071 1896 1175 1938; x_wconf 88' lang='lat' dir='ltr'>facis</span> <span class='ocrx_word' id='word_1_177' title='bbox 1207 1898 1335 1951; x_wconf 85' lang='lat' dir='ltr'>atque</span> <span class='ocrx_word' id='word_1_178' title='bbox 1364 1895 1556 1938; x_wconf 78' lang='lat' dir='ltr'>laboris?</span> 
     </span>
     <span class='ocr_line' id='line_1_25' title="bbox 477 1966 1679 2025; baseline -0.003 -13"><span class='ocrx_word' id='word_1_179' title='bbox 477 1984 577 2012; x_wconf 89' lang='lat' dir='ltr'>nam</span> <span class='ocrx_word' id='word_1_180' title='bbox 608 1970 690 2011; x_wconf 88' lang='lat' dir='ltr'>tibi</span> <span class='ocrx_word' id='word_1_181' title='bbox 721 1971 940 2025; x_wconf 82' lang='lat' dir='ltr'>praeterea</span> <span class='ocrx_word' id='word_1_182' title='bbox 972 1968 1086 2024; x_wconf 90' lang='lat' dir='ltr'>quod</span> <span class='ocrx_word' id='word_1_183' title='bbox 1115 1966 1332 2010; x_wconf 79' lang='lat' dir='ltr'>machiner</span> <span class='ocrx_word' id='word_1_184' title='bbox 1362 1967 1679 2024; x_wconf 88' lang='lat' dir='ltr'>inueniamque‚</span> 
     </span>
    </p>

    <p class='ocr_par' dir='ltr' id='par_1_10' title="bbox 334 2038 1748 2381">
     <span class='ocr_line' id='line_1_26' title="bbox 334 2038 1703 2096; baseline -0.002 -13"><span class='ocrx_word' id='word_1_185' title='bbox 334 2052 401 2083; x_wconf 83' lang='lat'>945</span> <span class='ocrx_word' id='word_1_186' title='bbox 482 2040 596 2096; x_wconf 90' lang='lat' dir='ltr'>quod</span> <span class='ocrx_word' id='word_1_187' title='bbox 626 2040 809 2096; x_wconf 85' lang='lat' dir='ltr'>placeat,</span> <span class='ocrx_word' id='word_1_188' title='bbox 838 2039 902 2081; x_wconf 83' lang='lat' dir='ltr'>nil</span> <span class='ocrx_word' id='word_1_189' title='bbox 932 2042 1014 2082; x_wconf 89' lang='lat' dir='ltr'>est:</span> <span class='ocrx_word' id='word_1_190' title='bbox 1046 2039 1190 2081; x_wconf 89' lang='lat' dir='ltr'>eadem</span> <span class='ocrx_word' id='word_1_191' title='bbox 1222 2040 1323 2080; x_wconf 86' lang='lat' dir='ltr'>sunt</span> <span class='ocrx_word' id='word_1_192' title='bbox 1356 2038 1498 2080; x_wconf 88' lang='lat' dir='ltr'>omnia</span> <span class='ocrx_word' id='word_1_193' title='bbox 1528 2053 1703 2094; x_wconf 88' lang='lat' dir='ltr'>semper.</span> 
     </span>
     <span class='ocr_line' id='line_1_27' title="bbox 483 2111 1618 2167; baseline -0.003 -13"><span class='ocrx_word' id='word_1_194' title='bbox 483 2113 519 2154; x_wconf 91' lang='lat' dir='ltr'>si</span> <span class='ocrx_word' id='word_1_195' title='bbox 550 2112 631 2154; x_wconf 86' lang='lat' dir='ltr'>tibi</span> <span class='ocrx_word' id='word_1_196' title='bbox 663 2126 752 2154; x_wconf 88' lang='lat' dir='ltr'>non</span> <span class='ocrx_word' id='word_1_197' title='bbox 782 2111 904 2154; x_wconf 87' lang='grc'>3111110</span> <span class='ocrx_word' id='word_1_198' title='bbox 936 2125 1090 2167; x_wconf 87' lang='lat' dir='ltr'>corpus</span> <span class='ocrx_word' id='word_1_199' title='bbox 1122 2111 1207 2153; x_wconf 88' lang='lat' dir='ltr'>iam</span> <span class='ocrx_word' id='word_1_200' title='bbox 1236 2112 1395 2152; x_wconf 89' lang='lat' dir='ltr'>marcet</span> <span class='ocrx_word' id='word_1_201' title='bbox 1425 2112 1469 2153; x_wconf 89' lang='lat' dir='ltr'>et</span> <span class='ocrx_word' id='word_1_202' title='bbox 1500 2111 1618 2151; x_wconf 84' lang='lat' dir='ltr'>artus</span> 
     </span>
     <span class='ocr_line' id='line_1_28' title="bbox 479 2181 1654 2240; baseline -0.003 -14"><span class='ocrx_word' id='word_1_203' title='bbox 479 2183 661 2226; x_wconf 86' lang='lat' dir='ltr'>confecti</span> <span class='ocrx_word' id='word_1_204' title='bbox 691 2183 916 2240; x_wconf 85' lang='lat' dir='ltr'>languent,</span> <span class='ocrx_word' id='word_1_205' title='bbox 930 2181 933 2185; x_wconf 83' lang='grc'>’</span> <span class='ocrx_word' id='word_1_206' title='bbox 947 2182 1091 2225; x_wconf 86' lang='grc'>03(10111</span> <span class='ocrx_word' id='word_1_207' title='bbox 1123 2183 1267 2224; x_wconf 89' lang='lat' dir='ltr'>tamen</span> <span class='ocrx_word' id='word_1_208' title='bbox 1298 2181 1441 2223; x_wconf 90' lang='lat' dir='ltr'>omnia</span> <span class='ocrx_word' id='word_1_209' title='bbox 1470 2182 1654 2237; x_wconf 83' lang='lat' dir='ltr'>restant,</span> 
     </span>
     <span class='ocr_line' id='line_1_29' title="bbox 484 2251 1479 2311; baseline -0.004 -14"><span class='ocrx_word' id='word_1_210' title='bbox 484 2255 627 2297; x_wconf 83' lang='lat' dir='ltr'>omnia</span> <span class='ocrx_word' id='word_1_211' title='bbox 658 2255 694 2296; x_wconf 89' lang='lat' dir='ltr'>si</span> <span class='ocrx_word' id='word_1_212' title='bbox 725 2268 877 2311; x_wconf 88' lang='lat' dir='ltr'>perges</span> <span class='ocrx_word' id='word_1_213' title='bbox 909 2253 1092 2296; x_wconf 91' lang='lat' dir='ltr'>uiuendo</span> <span class='ocrx_word' id='word_1_214' title='bbox 1124 2252 1294 2295; x_wconf 91' lang='lat' dir='ltr'>uincere</span> <span class='ocrx_word' id='word_1_215' title='bbox 1325 2251 1479 2308; x_wconf 86' lang='lat' dir='ltr'>saecla,</span> 
     </span>
     <span class='ocr_line' id='line_1_30' title="bbox 480 2323 1748 2381; baseline -0.003 -13"><span class='ocrx_word' id='word_1_216' title='bbox 480 2328 609 2381; x_wconf 84' lang='lat' dir='ltr'>atque</span> <span class='ocrx_word' id='word_1_217' title='bbox 639 2325 768 2367; x_wconf 86' lang='lat' dir='ltr'>etiam</span> <span class='ocrx_word' id='word_1_218' title='bbox 799 2324 963 2381; x_wconf 86' lang='lat' dir='ltr'>potius,</span> <span class='ocrx_word' id='word_1_219' title='bbox 995 2325 1033 2366; x_wconf 89' lang='lat' dir='ltr'>si</span> <span class='ocrx_word' id='word_1_220' title='bbox 1062 2338 1295 2379; x_wconf 90' lang='lat' dir='ltr'>numquam</span> <span class='ocrx_word' id='word_1_221' title='bbox 1327 2324 1385 2366; x_wconf 89' lang='lat' dir='ltr'>sis</span> <span class='ocrx_word' id='word_1_222' title='bbox 1417 2323 1667 2365; x_wconf 89' lang='lat' dir='ltr'>moriturus&#39;</span> <span class='ocrx_word' id='word_1_223' title='bbox 1692 2348 1748 2352; x_wconf 97' lang='lat'><strong>—</strong></span> 
     </span>
    </p>

    <p class='ocr_par' dir='ltr' id='par_1_11' title="bbox 334 2393 1639 2521">
     <span class='ocr_line' id='line_1_31' title="bbox 334 2393 1639 2452; baseline -0.004 -12"><span class='ocrx_word' id='word_1_224' title='bbox 334 2409 404 2440; x_wconf 88' lang='lat'>950</span> <span class='ocrx_word' id='word_1_225' title='bbox 484 2397 586 2452; x_wconf 90' lang='lat' dir='ltr'>quid</span> <span class='ocrx_word' id='word_1_226' title='bbox 616 2396 939 2452; x_wconf 80' lang='lat' dir='ltr'>respondemus,</span> <span class='ocrx_word' id='word_1_227' title='bbox 969 2395 1054 2438; x_wconf 90' lang='lat' dir='ltr'>nisi</span> <span class='ocrx_word' id='word_1_228' title='bbox 1084 2395 1242 2437; x_wconf 87' lang='lat' dir='ltr'>iustam</span> <span class='ocrx_word' id='word_1_229' title='bbox 1271 2393 1489 2437; x_wconf 70' lang='lat' dir='ltr'>intendere</span> <span class='ocrx_word' id='word_1_230' title='bbox 1518 2394 1639 2436; x_wconf 86' lang='lat' dir='ltr'>litem</span> 
     </span>
     <span class='ocr_line' id='line_1_32' title="bbox 479 2465 1571 2521; baseline -0.003 -11"><span class='ocrx_word' id='word_1_231' title='bbox 479 2470 678 2510; x_wconf 87' lang='lat' dir='ltr'>naturam</span> <span class='ocrx_word' id='word_1_232' title='bbox 709 2469 751 2509; x_wconf 83' lang='lat' dir='ltr'>et</span> <span class='ocrx_word' id='word_1_233' title='bbox 781 2481 927 2509; x_wconf 91' lang='lat' dir='ltr'>ueram</span> <span class='ocrx_word' id='word_1_234' title='bbox 957 2467 1101 2509; x_wconf 90' lang='lat' dir='ltr'>uerbis</span> <span class='ocrx_word' id='word_1_235' title='bbox 1133 2480 1342 2521; x_wconf 87' lang='lat' dir='ltr'>exponere</span> <span class='ocrx_word' id='word_1_236' title='bbox 1373 2465 1571 2507; x_wconf 81' lang='lat' dir='ltr'>causam?</span> 
     </span>
    </p>

    <p class='ocr_par' dir='ltr' id='par_1_12' title="bbox 333 2537 1595 2595">
     <span class='ocr_line' id='line_1_33' title="bbox 333 2537 1595 2595; baseline -0.003 -14"><span class='ocrx_word' id='word_1_237' title='bbox 333 2550 401 2582; x_wconf 87' lang='lat'>955</span> <span class='ocrx_word' id='word_1_238' title='bbox 481 2538 685 2595; x_wconf 87' lang='lat' dir='ltr'>grandior</span> <span class='ocrx_word' id='word_1_239' title='bbox 715 2537 786 2580; x_wconf 89' lang='lat' dir='ltr'>hic</span> <span class='ocrx_word' id='word_1_240' title='bbox 816 2552 918 2580; x_wconf 89' lang='lat' dir='ltr'>uero</span> <span class='ocrx_word' id='word_1_241' title='bbox 952 2538 988 2580; x_wconf 92' lang='lat' dir='ltr'>si</span> <span class='ocrx_word' id='word_1_242' title='bbox 1018 2538 1104 2579; x_wconf 90' lang='lat' dir='ltr'>iam</span> <span class='ocrx_word' id='word_1_243' title='bbox 1135 2537 1361 2591; x_wconf 84' lang='lat' dir='ltr'>seniorque</span> <span class='ocrx_word' id='word_1_244' title='bbox 1393 2538 1595 2592; x_wconf 88' lang='lat' dir='ltr'>queratur</span> 
     </span>
    </p>

    <p class='ocr_par' dir='ltr' id='par_1_13' title="bbox 337 2608 1660 2665">
     <span class='ocr_line' id='line_1_34' title="bbox 337 2608 1660 2665; baseline -0.002 -13"><span class='ocrx_word' id='word_1_245' title='bbox 337 2622 405 2653; x_wconf 83' lang='lat'>952</span> <span class='ocrx_word' id='word_1_246' title='bbox 486 2613 614 2665; x_wconf 85' lang='lat' dir='ltr'>atque</span> <span class='ocrx_word' id='word_1_247' title='bbox 646 2609 814 2652; x_wconf 90' lang='lat' dir='ltr'>obitum</span> <span class='ocrx_word' id='word_1_248' title='bbox 843 2609 1102 2651; x_wconf 86' lang='lat' dir='ltr'>lamentetur</span> <span class='ocrx_word' id='word_1_249' title='bbox 1132 2608 1261 2650; x_wconf 89' lang='lat' dir='ltr'>miser</span> <span class='ocrx_word' id='word_1_250' title='bbox 1293 2608 1474 2662; x_wconf 89' lang='lat' dir='ltr'>amplius</span> <span class='ocrx_word' id='word_1_251' title='bbox 1507 2622 1660 2663; x_wconf 89' lang='lat' dir='ltr'>aequo,</span> 
     </span>
    </p>

    <p class='ocr_par' dir='ltr' id='par_1_14' title="bbox 333 2678 1834 2808">
     <span class='ocr_line' id='line_1_35' title="bbox 333 2678 1724 2735; baseline -0.002 -12"><span class='ocrx_word' id='word_1_252' title='bbox 333 2693 401 2724; x_wconf 87' lang='lat'>953</span> <span class='ocrx_word' id='word_1_253' title='bbox 480 2695 568 2723; x_wconf 91' lang='lat' dir='ltr'>non</span> <span class='ocrx_word' id='word_1_254' title='bbox 598 2681 751 2723; x_wconf 93' lang='lat' dir='ltr'>merito</span> <span class='ocrx_word' id='word_1_255' title='bbox 782 2680 983 2723; x_wconf 72' lang='lat' dir='ltr'>inclamet</span> <span class='ocrx_word' id='word_1_256' title='bbox 1013 2679 1150 2735; x_wconf 82' lang='lat' dir='ltr'>magis</span> <span class='ocrx_word' id='word_1_257' title='bbox 1182 2681 1224 2721; x_wconf 91' lang='lat' dir='ltr'>et</span> <span class='ocrx_word' id='word_1_258' title='bbox 1255 2693 1360 2721; x_wconf 88' lang='lat' dir='ltr'>uoce</span> <span class='ocrx_word' id='word_1_259' title='bbox 1389 2678 1579 2733; x_wconf 87' lang='lat' dir='ltr'>increpet</span> <span class='ocrx_word' id='word_1_260' title='bbox 1609 2678 1724 2720; x_wconf 78' lang='lat' dir='ltr'>acri?</span> 
     </span>
     <span class='ocr_line' id='line_1_36' title="bbox 481 2749 1834 2808; baseline -0.001 -15"><span class='ocrx_word' id='word_1_261' title='bbox 481 2752 615 2794; x_wconf 74' lang='lat' dir='ltr'>‘aufer</span> <span class='ocrx_word' id='word_1_262' title='bbox 646 2751 800 2793; x_wconf 87' lang='lat' dir='ltr'>abhinc</span> <span class='ocrx_word' id='word_1_263' title='bbox 830 2751 1047 2808; x_wconf 80' lang='lat' dir='ltr'>lacrimas,</span> <span class='ocrx_word' id='word_1_264' title='bbox 1076 2750 1264 2807; x_wconf 89' lang='lat' dir='ltr'>balatro,</span> <span class='ocrx_word' id='word_1_265' title='bbox 1295 2751 1337 2791; x_wconf 89' lang='lat' dir='ltr'>et</span> <span class='ocrx_word' id='word_1_266' title='bbox 1367 2763 1583 2804; x_wconf 89' lang='lat' dir='ltr'>compesce</span> <span class='ocrx_word' id='word_1_267' title='bbox 1614 2749 1834 2804; x_wconf 85' lang='lat' dir='ltr'>querellas.</span> 
     </span>
    </p>

    <p class='ocr_par' dir='ltr' id='par_1_15' title="bbox 334 2821 1466 2878">
     <span class='ocr_line' id='line_1_37' title="bbox 334 2821 1466 2878; baseline -0.004 -12"><span class='ocrx_word' id='word_1_268' title='bbox 334 2834 402 2866; x_wconf 83' lang='lat'>956</span> <span class='ocrx_word' id='word_1_269' title='bbox 482 2823 625 2865; x_wconf 85' lang='lat' dir='ltr'>omnia</span> <span class='ocrx_word' id='word_1_270' title='bbox 655 2822 903 2878; x_wconf 86' lang='lat' dir='ltr'>perfunctus</span> <span class='ocrx_word' id='word_1_271' title='bbox 935 2822 1042 2876; x_wconf 85' lang='lat' dir='ltr'>uitai</span> <span class='ocrx_word' id='word_1_272' title='bbox 1072 2821 1259 2876; x_wconf 85' lang='lat' dir='ltr'>praemia</span> <span class='ocrx_word' id='word_1_273' title='bbox 1288 2834 1466 2863; x_wconf 86' lang='lat' dir='ltr'>marces:</span> 
     </span>
    </p>
   </div>
   <div class='ocr_carea' id='block_1_3' title="bbox 332 2946 2032 3222">
    <p class='ocr_par' dir='ltr' id='par_1_16' title="bbox 332 2946 2032 3222">
     <span class='ocr_line' id='line_1_38' title="bbox 429 2946 2032 2996; baseline -0.002 -11"><span class='ocrx_word' id='word_1_274' title='bbox 429 2954 494 2985; x_wconf 89' lang='grc'>921</span> <span class='ocrx_word' id='word_1_275' title='bbox 522 2961 690 2996; x_wconf 87' lang='lat' dir='ltr'>soporem</span> <span class='ocrx_word' id='word_1_276' title='bbox 715 2950 804 2985; x_wconf 90' lang='lat' dir='ltr'>AN</span> <span class='ocrx_word' id='word_1_277' title='bbox 828 2961 979 2996; x_wconf 90' lang='lat' dir='ltr'>praemo</span> <span class='ocrx_word' id='word_1_278' title='bbox 1005 2950 1041 2984; x_wconf 91' lang='lat' dir='ltr'><em>B</em></span> <span class='ocrx_word' id='word_1_279' title='bbox 1156 2953 1223 2984; x_wconf 92' lang='grc'>922</span> <span class='ocrx_word' id='word_1_280' title='bbox 1250 2947 1387 2994; x_wconf 79' lang='lat' dir='ltr'>adigit:</span> <span class='ocrx_word' id='word_1_281' title='bbox 1419 2949 1510 2983; x_wconf 83' lang='lat' dir='ltr'>verb.</span> <span class='ocrx_word' id='word_1_282' title='bbox 1532 2948 1660 2984; x_wconf 87' lang='lat' dir='ltr'>Lamb.</span> <span class='ocrx_word' id='word_1_283' title='bbox 1777 2951 1844 2983; x_wconf 90' lang='grc'>925</span> <span class='ocrx_word' id='word_1_284' title='bbox 1876 2946 2032 2993; x_wconf 83' lang='lat' dir='ltr'>colligat</span> 
     </span>
     <span class='ocr_line' id='line_1_39' title="bbox 338 2995 2029 3043; baseline -0.002 -10"><span class='ocrx_word' id='word_1_285' title='bbox 338 2998 612 3034; x_wconf 74' lang='lat' dir='ltr'>Winkelmomn:</span> <span class='ocrx_word' id='word_1_286' title='bbox 638 2997 784 3043; x_wconf 89' lang='lat' dir='ltr'>colligit</span> <span class='ocrx_word' id='word_1_287' title='bbox 857 3001 924 3032; x_wconf 88' lang='grc'>928</span> <span class='ocrx_word' id='word_1_288' title='bbox 949 2997 1061 3032; x_wconf 86' lang='lat' dir='ltr'>turba</span> <span class='ocrx_word' id='word_1_289' title='bbox 1086 2998 1123 3032; x_wconf 89' lang='grc'>01</span> <span class='ocrx_word' id='word_1_290' title='bbox 1144 2996 1287 3032; x_wconf 80' lang='lat' dir='ltr'>Goebel:</span> <span class='ocrx_word' id='word_1_291' title='bbox 1313 2996 1447 3031; x_wconf 87' lang='lat' dir='ltr'>turbae</span> <span class='ocrx_word' id='word_1_292' title='bbox 1522 2999 1589 3030; x_wconf 87' lang='lat'>935</span> <span class='ocrx_word' id='word_1_293' title='bbox 1616 2995 1647 3030; x_wconf 84' lang='lat' dir='ltr'>si</span> <span class='ocrx_word' id='word_1_294' title='bbox 1672 2996 1782 3042; x_wconf 83' lang='lat' dir='ltr'>grata</span> <span class='ocrx_word' id='word_1_295' title='bbox 1800 2995 2029 3041; x_wconf 64' lang='lat' dir='ltr'>Naugerius:</span> 
     </span>
     <span class='ocr_line' id='line_1_40' title="bbox 332 3041 2030 3091; baseline -0.002 -11"><span class='ocrx_word' id='word_1_296' title='bbox 332 3044 450 3091; x_wconf 84' lang='lat' dir='ltr'>gratis</span> <span class='ocrx_word' id='word_1_297' title='bbox 595 3048 660 3079; x_wconf 87' lang='lat'>941</span> <span class='ocrx_word' id='word_1_298' title='bbox 694 3044 873 3080; x_wconf 85' lang='lat' dir='ltr'>offensust</span> <span class='ocrx_word' id='word_1_299' title='bbox 897 3045 1045 3087; x_wconf 87' lang='lat' dir='ltr'>Lamb.‚</span> <span class='ocrx_word' id='word_1_300' title='bbox 1081 3045 1176 3078; x_wconf 86' lang='lat' dir='ltr'>-sast</span> <span class='ocrx_word' id='word_1_301' title='bbox 1207 3044 1390 3090; x_wconf 63' lang='lat' dir='ltr'>Postgate:</span> <span class='ocrx_word' id='word_1_302' title='bbox 1429 3044 1523 3078; x_wconf 85' lang='lat' dir='ltr'>-sost</span> <span class='ocrx_word' id='word_1_303' title='bbox 1554 3064 1599 3069; x_wconf 82' lang='lat'>—</span> <span class='ocrx_word' id='word_1_304' title='bbox 1630 3053 1761 3088; x_wconf 85' lang='lat' dir='ltr'>queres</span> <span class='ocrx_word' id='word_1_305' title='bbox 1785 3042 1822 3077; x_wconf 82' lang='lat' dir='ltr'><strong>A</strong></span> <span class='ocrx_word' id='word_1_306' title='bbox 1847 3041 1939 3088; x_wconf 89' lang='lat' dir='ltr'>(und</span> <span class='ocrx_word' id='word_1_307' title='bbox 1965 3041 2030 3087; x_wconf 68' lang='grc' dir='ltr'>Οἳ)</span> 
     </span>
     <span class='ocr_line' id='line_1_41' title="bbox 333 3088 2032 3135; baseline -0.003 -7"><span class='ocrx_word' id='word_1_308' title='bbox 333 3096 400 3128; x_wconf 86' lang='grc'>942</span> <span class='ocrx_word' id='word_1_309' title='bbox 426 3092 525 3127; x_wconf 86' lang='lat' dir='ltr'>male</span> <span class='ocrx_word' id='word_1_310' title='bbox 545 3092 581 3126; x_wconf 91' lang='lat' dir='ltr'><em>B</em></span> <span class='ocrx_word' id='word_1_311' title='bbox 605 3091 697 3126; x_wconf 87' lang='lat' dir='ltr'>mali</span> <span class='ocrx_word' id='word_1_312' title='bbox 716 3092 804 3128; x_wconf 84' lang='lat' dir='ltr'>AN</span> <span class='ocrx_word' id='word_1_313' title='bbox 866 3095 934 3126; x_wconf 83' lang='lat'>943</span> <span class='ocrx_word' id='word_1_314' title='bbox 960 3091 1068 3127; x_wconf 87' lang='lat' dir='ltr'>iacis:</span> <span class='ocrx_word' id='word_1_315' title='bbox 1095 3092 1186 3126; x_wconf 81' lang='lat' dir='ltr'>verb.</span> <span class='ocrx_word' id='word_1_316' title='bbox 1201 3091 1269 3126; x_wconf 78' lang='lat' dir='ltr'>Av.</span> <span class='ocrx_word' id='word_1_317' title='bbox 1338 3094 1405 3125; x_wconf 84' lang='lat'>945</span> <span class='ocrx_word' id='word_1_318' title='bbox 1425 3090 1566 3135; x_wconf 88' lang='lat' dir='ltr'>placet:</span> <span class='ocrx_word' id='word_1_319' title='bbox 1587 3091 1678 3126; x_wconf 82' lang='lat' dir='ltr'>verb.</span> <span class='ocrx_word' id='word_1_320' title='bbox 1693 3090 1795 3126; x_wconf 79' lang='lat' dir='ltr'>Nice.</span> <span class='ocrx_word' id='word_1_321' title='bbox 1864 3092 1931 3124; x_wconf 81' lang='lat'>947</span> <span class='ocrx_word' id='word_1_322' title='bbox 1950 3088 2032 3124; x_wconf 87' lang='lat' dir='ltr'>lan-</span> 
     </span>
     <span class='ocr_line' id='line_1_42' title="bbox 333 3136 2031 3185; baseline -0.002 -11"><span class='ocrx_word' id='word_1_323' title='bbox 333 3141 470 3185; x_wconf 85' lang='lat' dir='ltr'>guente</span> <span class='ocrx_word' id='word_1_324' title='bbox 579 3141 711 3174; x_wconf 78' lang='lat' dir='ltr'>restat:</span> <span class='ocrx_word' id='word_1_325' title='bbox 750 3139 841 3174; x_wconf 84' lang='lat' dir='ltr'>verb.</span> <span class='ocrx_word' id='word_1_326' title='bbox 863 3138 918 3174; x_wconf 62' lang='lat' dir='ltr'>B*</span> <span class='ocrx_word' id='word_1_327' title='bbox 1031 3142 1099 3173; x_wconf 86' lang='lat'>950</span> <span class='ocrx_word' id='word_1_328' title='bbox 1136 3137 1210 3173; x_wconf 82' lang='lat' dir='ltr'>nisi</span> <span class='ocrx_word' id='word_1_329' title='bbox 1241 3138 1362 3173; x_wconf 68' lang='lat' dir='ltr'>Mar:</span> <span class='ocrx_word' id='word_1_330' title='bbox 1401 3137 1432 3171; x_wconf 91' lang='lat' dir='ltr'>si</span> <span class='ocrx_word' id='word_1_331' title='bbox 1547 3141 1614 3173; x_wconf 88' lang='grc'>955</span> <span class='ocrx_word' id='word_1_332' title='bbox 1651 3137 1848 3183; x_wconf 75' lang='lat' dir='ltr'>umqestellt</span> <span class='ocrx_word' id='word_1_333' title='bbox 1883 3136 2031 3172; x_wconf 74' lang='lat' dir='ltr'>Lachm.</span> 
     </span>
     <span class='ocr_line' id='line_1_43' title="bbox 333 3186 1038 3222; baseline -0.001 -1"><span class='ocrx_word' id='word_1_334' title='bbox 333 3190 401 3222; x_wconf 84' lang='lat'>954</span> <span class='ocrx_word' id='word_1_335' title='bbox 426 3186 574 3222; x_wconf 89' lang='lat' dir='ltr'>balatro</span> <span class='ocrx_word' id='word_1_336' title='bbox 599 3186 727 3222; x_wconf 63' lang='lat' dir='ltr'>Heius.</span> <span class='ocrx_word' id='word_1_337' title='bbox 754 3198 790 3222; x_wconf 80' lang='lat' dir='ltr'>u.</span> <span class='ocrx_word' id='word_1_338' title='bbox 811 3198 862 3221; x_wconf 85' lang='lat' dir='ltr'>a.:</span> <span class='ocrx_word' id='word_1_339' title='bbox 888 3186 1038 3221; x_wconf 87' lang='lat' dir='ltr'>baratre</span> 
     </span>
    </p>
   </div>
  </div>
 </body>
</html>
