2092 3438
276 198 304 239 2
665 199 705 234 Τ.
731 198 938 234 LUCRETI
962 198 1075 235 CARI
1098 199 1162 234 DE
1187 198 1360 235 RERUM
1383 199 1586 235 NATURA

425 321 504 349 nec
533 306 662 349 tellus
695 307 841 349 obstat
873 308 978 363 quin
1009 308 1151 350 omnia
1182 308 1483 366 dispiciantur,

426 378 504 420 sub
537 378 717 433 pedibus
754 393 1043 434 quaecumque
1074 379 1187 422 infra
1216 394 1293 435 per
1322 379 1448 422 inane
1478 382 1697 436 geruntur.

423 449 491 490 his
522 449 584 490 ibi
614 464 682 491 me
713 449 840 492 rebus
873 450 1078 505 quaedam
1109 450 1254 492 diuina
1285 451 1487 506 uoluptas

426 520 608 576 percipit
639 523 768 576 atque
797 521 969 578 horror,
1001 521 1116 576 quod
1147 522 1208 564 sic
1237 524 1392 564 natura
1422 525 1498 564 tua
1528 522 1574 563 ui

277 601 322 632 30
425 594 515 633 tam
544 591 772 635 manifesta
802 595 952 647 patens
986 606 1037 634 ex
1068 594 1185 635 omni
1215 595 1337 648 parte
1367 595 1582 635 retectast.

483 662 543 704 Et
575 663 778 718 quoniam
809 663 951 720 docui,
983 666 1231 706 cunctarum
1261 664 1435 706 exordia
1464 678 1606 706 rerum

427 734 571 788 qualia
603 734 690 776 sint
721 737 764 776 et
796 749 924 790 quam
954 735 1087 777 uariis
1119 735 1324 777 distantia
1354 735 1503 778 formis

425 807 578 859 sponte
610 820 688 847 sua
718 805 904 848 uolitent
935 808 1106 849 aeterno
1139 807 1300 862 percita
1330 809 1471 863 motu,

426 890 566 931 quoue
596 876 723 919 modo
753 877 923 932 possint
954 891 1021 920 res
1053 891 1105 919 ex
1135 877 1204 920 his
1237 892 1429 933 quaeque
1461 876 1612 933 creari,

277 957 323 989 35
424 946 551 990 hasce
582 947 812 990 secundum
842 963 910 990 res
942 948 1073 991 animi
1103 951 1258 991 natura
1288 949 1459 990 uidetur

426 1021 554 1074 atque
585 1019 750 1061 animae
781 1019 978 1062 claranda
1008 1020 1114 1062 meis
1144 1020 1231 1062 iam
1261 1020 1458 1062 uersibus
1489 1033 1580 1061 esse
1587 1053 1599 1076 7

426 1091 468 1131 et
498 1093 638 1132 metus
671 1090 744 1132 ille
774 1091 889 1133 foras
920 1105 1121 1146 praeceps
1150 1090 1410 1133 Acheruntis
1443 1089 1650 1146 agendus,

427 1161 620 1203 funditus
649 1161 880 1204 humanam
913 1162 986 1217 qui
1018 1162 1153 1204 uitam
1183 1163 1331 1204 turbat
1363 1162 1416 1204 ab
1448 1162 1555 1218 imo,

338 1276 339 1279 ,
397 1221 402 1226 ⁵
425 1232 568 1274 omnia
599 1232 846 1275 suffundens
876 1233 1030 1276 mortis
1060 1234 1230 1290 nigrore
1239 1269 1251 1291 7
1279 1248 1416 1289 neque
1447 1233 1580 1275 ullam

276 1314 322 1344 40
425 1318 516 1345 esse
547 1303 815 1358 uoluptatem
845 1304 1053 1360 liquidam
1083 1319 1318 1360 puramque
1349 1304 1565 1359 relinquit.

424 1388 524 1415 nam
556 1375 671 1430 quod
702 1390 827 1431 saepe
857 1375 1053 1418 homines
1082 1376 1257 1419 morbos
1288 1376 1425 1432 magis
1457 1389 1550 1417 esse
1579 1373 1793 1416 timendos

426 1445 712 1501 infamemque
742 1446 887 1488 ferunt
917 1447 1054 1490 uitam
1085 1462 1213 1502 quam
1244 1446 1423 1489 Tartara
1452 1446 1547 1500 leti,

425 1519 466 1558 et
498 1531 541 1558 se
574 1517 682 1559 scire
714 1518 846 1560 animi
875 1521 1073 1560 naturam
1104 1518 1325 1575 sanguinis
1356 1532 1465 1574 esse,

276 1599 323 1630 46
427 1590 502 1630 aut
533 1588 663 1630 etiam
693 1589 830 1644 uenti,
863 1589 900 1631 si
929 1589 1014 1632 fert
1044 1590 1107 1631 ita
1136 1590 1248 1632 forte
1279 1589 1499 1644 uoluntas,

274 1669 321 1700 44
424 1673 501 1700 nec
531 1673 709 1714 prosum
739 1660 967 1715 quicquam
997 1663 1170 1703 nostrae
1201 1661 1381 1703 rationis
1412 1674 1552 1716 egere,

425 1729 524 1772 hinc
554 1730 654 1772 licet
685 1730 883 1773 aduertas
915 1732 1106 1774 animum
1135 1732 1274 1788 magis
1307 1731 1451 1774 omnia
1479 1730 1619 1773 laudis

274 1811 319 1843 47
423 1801 573 1843 iactari
605 1816 749 1858 causa,
780 1817 908 1857 quam
940 1803 1055 1858 quod
1085 1818 1153 1845 res
1185 1804 1278 1858 ipsa
1308 1802 1526 1858 probetur.

423 1875 612 1915 extorres
643 1873 755 1915 idem
785 1873 926 1928 patria
955 1874 1168 1931 longeque
1199 1875 1339 1931 fugati

422 1947 651 1999 conspectu
683 1959 734 1986 ex
764 1944 1006 2001 hominum,
1035 1945 1197 1987 foedati
1227 1945 1403 1987 crimine
1433 1945 1567 2001 turpi,

276 2026 322 2056 50
426 2015 625 2057 omnibus
657 2015 871 2057 aerumnis
903 2016 1058 2058 adfecti
1089 2017 1288 2073 denique,
1319 2017 1491 2073 uiuont,

427 2089 469 2128 et
501 2101 769 2142 quocumque
799 2089 945 2129 tamen
974 2087 1120 2129 miseri
1150 2101 1303 2130 uenere
1333 2089 1562 2142 parentant

427 2160 469 2199 et
499 2158 646 2214 nigras
676 2160 865 2200 mactant
895 2158 1076 2213 pecudes
1108 2161 1151 2201 et
1181 2159 1379 2201 manibus
1411 2158 1521 2200 diuis

425 2229 598 2271 inferias
629 2229 829 2285 mittunt,
859 2229 1080 2285 multoque
1111 2230 1158 2271 in
1187 2230 1314 2272 rebus
1347 2229 1509 2271 acerbis

424 2300 563 2342 acrius
596 2300 825 2342 aduertunt
856 2300 1021 2343 animos
1054 2301 1107 2343 ad
1136 2301 1398 2358 religionem.

278 2381 322 2411 55
426 2385 510 2425 quo
542 2371 680 2428 magis
711 2372 757 2413 in
789 2371 930 2413 dubiis
961 2371 1179 2414 hominem
1210 2374 1402 2427 spectare
1433 2370 1605 2426 periclis

424 2441 625 2483 conuenit
657 2441 929 2496 aduersisque
960 2442 1007 2484 in
1037 2443 1164 2485 rebus
1195 2456 1368 2484 noscere
1399 2442 1474 2497 qui
1505 2441 1570 2483 sit.

422 2527 522 2554 nam
555 2527 679 2555 uerae
710 2527 836 2556 uoces
861 2515 954 2555 tum
986 2514 1156 2556 demum
1186 2516 1358 2569 pectore
1390 2513 1443 2555 ab
1475 2513 1562 2554 imo

425 2583 655 2625 eliciuntur
686 2586 728 2626 et
760 2584 940 2639 eripitur
971 2599 1154 2640 persona
1184 2584 1398 2626 *manare

426 2653 607 2709 denique
638 2655 841 2697 auarities
871 2658 914 2697 et
944 2655 1157 2698 honorum
1187 2670 1309 2698 caeca
1338 2654 1512 2711 cupido,

276 2735 320 2766 60
425 2739 532 2780 quae
563 2726 741 2768 miseros
771 2726 966 2768 homines
997 2730 1157 2783 cogunt
1187 2725 1483 2769 transcendere
1507 2725 1613 2766 fines

423 2796 528 2837 iuris
559 2799 602 2838 et
634 2797 848 2839 interdum
879 2797 1017 2840 socios
1049 2798 1254 2840 scelerum
1285 2800 1413 2852 atque
1443 2796 1663 2838 ministros

422 2869 569 2908 noctes
600 2870 728 2922 atque
761 2867 850 2910 dies
880 2868 963 2910 niti
993 2870 1236 2923 praestante
1266 2868 1412 2910 labore

371 2974 415 3005 28
441 2970 496 3005 ibi
521 2971 757 3018 Pont(anus):
783 2972 851 3007 ubi
947 2976 991 3008 29
1018 2972 1227 3018 signatura:
1254 2973 1345 3008 verb.
1366 2972 1435 3008 Av.
1533 2975 1578 3006 33
1604 2971 1749 3007 alterno
1770 2970 1807 3006 A
1831 2981 1897 3005 -na
1920 2970 1974 3005 B:

274 3018 367 3053 verb.
388 3018 570 3064 Bentl(ey)
667 3023 711 3054 39
738 3019 971 3055 suffundahs:
997 3021 1088 3056 verb.
1109 3021 1156 3056 It.
1252 3024 1297 3055 43
1324 3018 1411 3054 sciri
1437 3018 1559 3054 anime
1585 3019 1622 3053 B
1711 3022 1756 3054 46
1781 3017 1978 3064 umyestellt

275 3065 395 3100 Bentl.
423 3086 468 3090 --
498 3077 668 3110 prorsum
691 3067 727 3101 A
823 3071 868 3102 47
901 3078 1068 3102 eausam:
1107 3068 1199 3103 verb.
1221 3068 1269 3103 It.
1366 3070 1410 3101 52
1442 3067 1480 3101 et
1509 3067 1603 3101 ‘nach
1632 3065 1792 3111 pecudes
1822 3065 1911 3108 fehlt
1939 3065 1975 3099 A

276 3116 320 3147 53
346 3111 497 3147 inferia:
524 3114 615 3148 verb.
636 3113 693 3147 Βεξ
788 3118 833 3149 58
859 3116 897 3149 et
921 3126 990 3160 ery.
1011 3115 1057 3150 It.
1085 3136 1130 3140 ——
1145 3125 1322 3149 manare:
1354 3115 1482 3148 manet
1507 3124 1565 3148 res
1589 3114 1651 3158 It„
1680 3113 1772 3148 viell.
1798 3111 1899 3147 mala
1923 3122 1973 3146 re.

276 3163 320 3194 62
345 3159 493 3195 tabore:
518 3161 610 3196 verb.
630 3161 678 3196 It.
