2092 3438
778 189 924 225 LIBER
948 188 1166 225 TERTIUS.
1583 159 1585 161 ι
1781 189 1835 230 13

261 299 380 342 ocius
411 302 456 342 et
487 299 616 342 citius
646 297 829 342 dissolui
859 299 906 342 in
937 313 1121 355 corpora
1151 298 1311 355 prima,

260 385 358 414 cum
389 371 522 414 semel
552 385 606 413 ex
634 369 825 413 hominis
859 370 1064 413 membris
1095 369 1240 412 ablata
1271 370 1460 413 recessit.

263 442 424 500 quippe
454 442 615 486 etenim
646 456 824 499 corpus,
857 442 974 498 quod
1004 456 1082 484 uas
1116 442 1240 497 quasi
1272 442 1471 484 constitit
1502 442 1613 497 eius,

262 530 361 558 cum
391 513 592 558 cohibere
621 514 775 570 nequit
807 515 1143 570 conquassatum
1174 528 1226 555 ex
1258 513 1404 569 aliqua
1434 528 1480 555 re

261 601 311 630 ac
340 586 599 630 rarefactum
631 586 825 629 detracto
857 585 1066 642 sanguine
1097 585 1239 642 1131113,

261 673 358 702 aere
389 658 465 715 qui
496 658 643 701 credas
675 672 804 714 posse
834 657 946 700 hanc
977 657 1218 700 cohiberier
1250 657 1360 714 ullo,

260 744 440 787 corpore
471 730 547 786 qui
576 732 728 773 nostro
759 745 883 772 rarus
914 730 1054 787 magis
1084 728 1495 785 incohibensquest‘?

321 801 548 846 Praeterea
579 802 703 859 gigni
733 802 896 858 pariter
927 816 1025 845 cum
1057 815 1239 858 corpore
1270 803 1314 843 et
1346 816 1433 843 una

260 888 450 918 crescere
482 874 692 917 sentimus
724 874 974 930 pariterque
1007 887 1226 916 senescere
1255 876 1456 916 mentem.

259 961 362 990 nam
391 945 514 989 uelut
546 946 718 989 infirmo
750 946 874 1002 pueri
904 948 1141 1002 teneroque
1172 949 1388 1003 uagantur

263 1032 463 1076 corpore,
493 1017 556 1061 sic
586 1018 720 1061 animi
752 1017 949 1074 sequitur
981 1019 1198 1061 sententia
1227 1018 1390 1060 tenuis:

261 1089 362 1133 inde
391 1089 469 1133 ubi
498 1089 691 1133 robustis
723 1090 913 1133 adoleuit
943 1090 1112 1133 uiribus
1144 1092 1263 1133 aetas
1270 1126 1281 1148 ,

263 1161 492 1206 consilium
524 1176 696 1218 quoque
726 1162 866 1205 maius
897 1165 940 1205 et
973 1162 1140 1206 auctior
1171 1165 1236 1205 est
1268 1162 1402 1205 animi
1433 1162 1517 1205 uis:

261 1237 365 1291 post
395 1234 472 1277 ubi
502 1234 591 1277 iam
620 1234 777 1277 ualidis
811 1237 1106 1290 quassatumst
1138 1235 1306 1277 uiribus
1338 1234 1435 1277 aeui

262 1321 417 1363 corpus
447 1308 492 1349 et
524 1306 692 1350 obtusis
723 1306 967 1349 ceciderunt
997 1307 1166 1350 uiribus
1198 1309 1335 1362 artus,

263 1378 476 1422 claudicat
506 1378 749 1435 ingenium,
781 1378 936 1421 delirat
965 1378 1138 1436 lingua,
1167 1379 1286 1422 labat
1317 1393 1457 1435 mens,

263 1451 409 1494 omnia
437 1449 642 1494 deficiunt
673 1454 803 1507 atque
834 1466 922 1494 uno
953 1454 1149 1507 tempore
1180 1451 1347 1494 desunt.

266 1536 370 1581 ergo
403 1522 584 1566 dissolui
615 1537 787 1579 quoque
819 1522 1023 1565 conuenit
1055 1537 1226 1566 omnem
1258 1523 1416 1565 animai

261 1597 480 1651 naturam,
512 1609 590 1638 ceu
619 1595 783 1652 fumus,
813 1594 861 1637 in
891 1594 1001 1638 altas
1034 1595 1144 1637 aeris
1176 1610 1319 1652 auras3

264 1666 610 1724 quandoquidem
640 1665 762 1723 gigni
794 1666 959 1722 pariter
988 1667 1236 1723 pariterque
1267 1666 1462 1709 uidemus

262 1753 449 1783 crescere
479 1741 543 1797 et,
573 1741 624 1782 ut
654 1737 800 1795 docui,
832 1737 962 1781 simul
992 1753 1098 1782 33110
1130 1739 1246 1782 fessa
1275 1739 1430 1781 fatisci.

319 1810 419 1855 Huc
450 1810 612 1855 accedit
643 1811 710 1853 uti
740 1810 981 1868 uideamus,
1012 1825 1168 1867 corpus
1198 1813 1248 1853 ut
1278 1811 1422 1867 ipsum

114 1895 186 1928 460
265 1883 480 1940 suscipere
509 1881 697 1926 inmanis
727 1881 904 1925 morbos
935 1882 1175 1939 durumque
1207 1882 1419 1940 dolorem,

263 1955 326 1999 sic
356 1955 548 1998 animum
580 1968 703 1997 curas
736 1953 844 1997 acris
875 1954 1126 2011 luctumque
1156 1957 1425 2011 metumque3

263 2041 395 2083 quare
424 2015 681 2083 participem
710 2025 788 2068 leti
820 2040 993 2082 quoque
1025 2026 1228 2069 conuenit
1259 2041 1361 2070 esse.

264 2099 371 2155 quin
400 2098 532 2141 etiam
563 2098 728 2141 morbis
759 2098 807 2140 in
837 2098 1031 2154 corporis
1064 2099 1188 2141 auius
1219 2102 1335 2142 errat

263 2185 391 2227 saepe
421 2170 609 2214 animus:
641 2170 849 2213 dementit
882 2171 997 2213 enim
1028 2171 1247 2228 deliraque
1278 2172 1414 2229 fatur,

112 2253 184 2286 465
265 2241 567 2299 interdumque
598 2243 723 2300 graui
753 2242 953 2300 lethargo
985 2243 1123 2286 fertur
1154 2243 1200 2286 in
1231 2243 1369 2286 altum

264 2317 572 2371 aeternumque
604 2329 805 2371 soporem
836 2314 973 2357 oculis
1003 2317 1200 2371 nutuque
1232 2316 1418 2374 cadenti3

264 2386 378 2430 unde
406 2402 546 2444 neque
576 2387 752 2430 exaudit
783 2401 911 2430 uoces
942 2402 1021 2430 nec
1050 2402 1227 2431 noscere
1258 2388 1404 2431 voltus

263 2459 440 2503 illorum
469 2459 588 2516 potis
620 2462 705 2517 est,
736 2459 790 2502 ad
821 2459 960 2502 uitam
991 2460 1066 2515 qui
1098 2463 1349 2503 reuocantes

264 2531 428 2575 circum
458 2533 577 2575 stant
607 2531 798 2574 lacrimis
830 2534 1028 2574 rorantes
1060 2547 1136 2575 ora
1167 2546 1395 2589 genasque.

113 2613 186 2646 470
265 2618 399 2660 quare
430 2603 622 2646 animum
653 2618 826 2660 quoque
856 2603 1040 2647 dissolui
1071 2604 1233 2647 fateare
1263 2607 1500 2661 necessest,

266 2675 613 2732 quandoquidem
642 2678 872 2731 penetrant
904 2675 949 2718 in
982 2690 1080 2718 eum
1111 2677 1313 2734 contagia
1343 2677 1496 2720 morbi.
1565 2715 1570 2722 .

264 2762 367 2790 nam
397 2747 521 2790 dolor
551 2762 601 2791 ac
630 2747 809 2790 morbus
840 2747 918 2790 leti
948 2747 1186 2791 fabricator
1216 2751 1459 2806 uterquest,

116 2830 188 2863 473
267 2818 506 2863 multorum
537 2819 670 2863 exitio
703 2819 896 2876 perdocti
929 2820 1043 2876 quod
1075 2836 1223 2864 sumus
1256 2824 1366 2864 ante.

115 2902 187 2935 476
266 2891 450 2947 denique
481 2906 575 2948 cur,
605 2891 826 2935 hominem
857 2906 954 2934 cum
985 2892 1079 2935 uini
1110 2893 1180 2936 uis
1211 2893 1457 2949 penetrauit

0 2978 9 3033 ἷ
211 3001 284 3052 438
309 2996 434 3044 opius:
460 2998 553 3033 verb.
575 2997 632 3033 B²
649 3019 695 3024 —
718 2997 759 3033 in
783 3009 854 3045 ery.
870 2998 926 3033 B²
997 3002 1068 3034 444
1093 2998 1391 3044 incohibensque
1417 3001 1475 3035 est
1493 3000 1672 3037 Nemini:
1699 3000 1842 3037 incohi-

0 3058 13 3109 1
116 3045 240 3081 1133011,
317 3049 388 3081 450
414 3046 561 3081 auctor:
586 3047 679 3082 verb.
701 3045 757 3081 B'
775 3047 822 3082 It.
899 3050 969 3082 453
995 3046 1104 3082 labat
1128 3059 1199 3094 cry.
1220 3048 1370 3083 Lachm.
1449 3052 1520 3084 456
1547 3049 1660 3085 acris:
1686 3050 1779 3085 verb.
1794 3051 1841 3086 It.

0 3111 13 3132 ,Α
116 3096 189 3129 458
212 3094 257 3129 ut
280 3105 352 3140 cry.
373 3092 430 3128 B*
447 3115 493 3119 -
519 3092 646 3130 fatisci
669 3095 736 3130 It.:
762 3093 877 3130 factis
973 3098 1043 3130 462
1070 3095 1312 3141 particidem:
1341 3096 1435 3132 verb.
1455 3095 1511 3131 A’
1607 3101 1678 3132 470
1703 3097 1840 3134 fatere:

15 3158 17 3162 ·
117 3141 212 3177 verb.
230 3141 278 3177 It.
370 3145 440 3176 472
465 3141 588 3188 polor:
614 3143 706 3178 verb.
727 3142 833 3178 Nice.
931 3146 1002 3177 474
1023 3160 1067 3172 =
1088 3147 1170 3188 510,
1198 3147 1268 3179 475
1295 3145 1334 3179 et
1357 3143 1501 3190 pariter
1525 3147 1689 3181 mentem
1716 3146 1842 3181 sanari

119 3200 253 3236 corpus
276 3188 394 3234 inani,
418 3190 544 3236 yetilyt
567 3189 696 3226 Lamb.
794 3194 864 3225 476
891 3201 956 3226 cur
981 3190 1053 3226 13²:
1080 3203 1144 3227 cor
1167 3191 1249 3227 AB
