2092 3438
799 174 946 211 LIBER
970 174 1188 212 TERTIUS.
1835 178 1862 219 3

287 282 342 326 ad
371 298 563 327 summas
593 297 811 340 emergere
844 299 968 342 opes,
996 284 1102 328 haec
1133 284 1312 328 uolnera
1343 286 1460 329 uitae

286 369 376 398 non
402 355 629 415 minimam
660 357 831 411 partem
862 356 1017 400 mortis
1047 356 1278 400 formidine
1311 357 1499 401 aluntur.

288 427 434 483 turpis
464 427 579 470 enim
609 427 743 469 ferme
774 429 1053 484 contemptus
1084 431 1128 471 et
1159 429 1270 471 acris
1301 432 1471 486 egestas

289 501 456 542 semota
485 498 540 542 ab
573 498 688 542 dulci
718 499 812 542 uita
843 499 1078 556 stabilique
1110 500 1283 543 uidetur

286 573 330 614 et
360 570 485 628 quasi
514 571 602 613 iam
633 570 712 613 leti
741 574 892 627 portas
922 572 1162 615 cunctarier
1194 575 1311 615 ante:

285 642 399 686 unde
428 642 626 686 homines
659 642 763 686 dum
793 658 838 686 se
868 643 978 687 falso
1011 646 1175 688 terrore
1206 645 1345 687 eoacti

288 713 490 772 effugisse
520 714 677 758 uolunt
706 714 836 772 longe
866 715 1083 773 longeque
1112 731 1319 775 remosse,

287 786 498 844 sanguine
529 786 649 830 ciuili
680 802 771 830 rem
801 787 991 831 conflant
1026 788 1289 845 diuitiasque

286 858 592 915 conduplicant
623 859 761 916 auidi,
791 859 963 903 caedem
994 860 1120 903 caede
1151 861 1471 904 accumulantes

286 929 479 974 crudeles
509 930 699 988 gaudent
730 931 777 974 in
807 932 925 975 tristi
956 932 1106 975 funere
1137 933 1303 991 fratris,

223 987 228 999 ¹
285 1004 329 1046 et
358 1002 727 1060 consanguineum
757 1017 927 1046 mensas
961 1003 1087 1047 odere
1119 1005 1371 1061 timentque.

1477 897 1488 918 7

286 1074 503 1118 consimili
533 1075 702 1118 ratione
733 1075 788 1118 ab
821 1075 972 1118 eodem
1003 1090 1132 1132 saepe
1164 1076 1320 1119 timore

285 1149 476 1190 macerat
505 1146 688 1190 inuidia:
720 1149 821 1190 ante
853 1147 1002 1190 oculos
1032 1147 1157 1190 11111111
1189 1163 1279 1191 esse
1310 1152 1555 1207 potentem,

285 1218 411 1262 illum
443 1219 673 1276 aspectui,
703 1219 819 1262 claro
852 1219 927 1275 qui
959 1220 1118 1263 incedit
1148 1220 1331 1278 honore,

285 1291 371 1347 ipsi
402 1305 447 1334 se
476 1291 525 1334 in
554 1291 747 1334 tenebris
777 1291 898 1335 uolui
930 1306 1147 1348 caenoque
1179 1296 1431 1349 queruntur.

283 1363 503 1406 intereunt
532 1363 695 1419 partim
726 1366 969 1406 statuarum
1000 1366 1044 1406 et
1073 1364 1263 1407 nominis
1295 1379 1409 1422 ergo.

283 1437 328 1478 et
358 1450 485 1492 saepe
515 1450 652 1492 usque
683 1435 810 1492 adeo,
838 1436 993 1478 mortis
1023 1436 1270 1494 formidine,
1301 1437 1418 1480 uitae

134 1517 182 1550 80
284 1507 472 1564 percipit
501 1507 714 1551 humanos
747 1508 894 1551 odium
925 1508 1119 1565 lucisque
1151 1508 1378 1567 uidendae,

284 1581 336 1622 ut
366 1578 452 1622 sibi
482 1580 749 1623 consciscant
780 1580 988 1623 maerenti
1020 1583 1193 1636 pectore
1223 1581 1377 1639 letum,

285 1650 415 1695 obliti
445 1652 612 1696 fontem
643 1667 842 1695 curarum
871 1652 988 1695 1111110
1018 1667 1108 1695 esse
1140 1653 1352 1697 timorem.

282 1722 398 1767 hunc
428 1739 585 1768 nexare
616 1724 846 1782 pudorem,
876 1724 992 1767 hunc
1023 1725 1198 1768 uincula
1229 1725 1438 1769 amicitiai

283 1810 484 1853 rumpere
515 1799 558 1840 et
589 1796 637 1839 in
667 1812 835 1839 summa
865 1797 1075 1853 pietatem
1107 1800 1298 1840 euertere
1330 1798 1499 1842 suadet:

135 1877 182 1910 85
284 1882 386 1911 nam
416 1869 504 1911 iam
535 1883 662 1925 saepe
692 1868 891 1912 homines
923 1869 1114 1925 patriam
1146 1884 1352 1926 carosque
1385 1871 1580 1927 parentis

282 1939 566 1996 prodiderunt
596 1940 736 1983 uitare
767 1939 1006 1983 Acherusia
1037 1941 1202 1997 templa
1233 1944 1441 1998 petentes.

282 2025 385 2055 nam
414 2011 552 2054 ueluti
583 2011 708 2068 pueri
739 2012 963 2069 trepidant
995 2016 1128 2068 atque
1161 2013 1306 2056 omnia
1337 2015 1472 2058 caecis

283 2083 332 2127 in
361 2083 552 2127 tenebris
582 2086 802 2141 metuunt,
834 2084 895 2127 sic
924 2099 1006 2128 nos
1037 2085 1084 2127 111
1114 2084 1209 2128 11106
1239 2086 1442 2129 timemus

284 2154 519 2212 interdum,
549 2155 640 2199 nilo
673 2171 782 2212 quae
814 2160 916 2199 sunt
947 2157 1178 2200 metuenda
1208 2158 1348 2215 magis
1380 2174 1509 2215 quam

137 2238 184 2270 90
289 2241 399 2284 quae
428 2228 555 2284 pueri
584 2228 632 2271 in
662 2229 852 2271 tenebris
885 2229 1087 2284 pauitant
1118 2229 1375 2286 finguntque
1406 2231 1564 2274 futura.

281 2299 398 2343 hunc
427 2299 566 2357 igitur
596 2302 807 2344 terrorem
839 2301 972 2344 animi
1003 2301 1288 2358 tenebrasque
1318 2307 1533 2346 necessest

283 2385 374 2416 non
403 2372 514 2416 radii
547 2372 652 2416 solis
681 2387 822 2429 neque
852 2373 995 2415 lucida
1025 2373 1114 2416 tela
1145 2373 1229 2416 diei

283 2443 536 2503 discutiant,
566 2445 639 2488 sed
668 2447 850 2488 naturae
881 2445 1046 2501 species
1077 2446 1290 2502 ratioque.

343 2515 539 2560 Primum
569 2517 762 2560 animum
793 2517 908 2574 dico,
939 2520 1130 2560 mentem
1161 2533 1292 2574 quam
1325 2534 1451 2575 saepe
1483 2535 1706 2578 uocamus‚

135 2598 182 2631 95
284 2588 333 2632 in
362 2603 449 2645 quo
480 2589 708 2632 consilium
739 2589 857 2633 uitae
887 2590 1165 2647 regimenque
1195 2590 1448 2648 locatumst,

285 2674 376 2703 esse
404 2660 596 2704 hominis
626 2664 796 2717 partem
826 2661 917 2704 nilo
950 2662 1094 2704 minus
1125 2677 1174 2705 ac
1206 2677 1359 2706 manus
1392 2666 1435 2706 et
1466 2679 1542 2720 pes

286 2734 417 2789 atque
448 2732 562 2776 oculi
593 2736 739 2789 partes
771 2733 1004 2776 animantis
1035 2733 1172 2777 totius
1203 2738 1363 2778 extant.

0 1446 7 1482 f
19 1469 21 1471 ,

0 1483 12 1609 ἓ

285 2890 458 2920 sensum
489 2877 623 2920 animi
654 2880 770 2920 certa
800 2893 890 2920 non
921 2892 1011 2920 esse
1043 2878 1090 2920 in
1119 2881 1242 2934 parte
1274 2878 1482 2938 locatum,

285 2963 437 2991 uerum
466 2948 667 2992 habitum
698 2950 913 3006 quendam
943 2949 1123 2994 uitalem
1154 2951 1348 3006 corporis
1379 2966 1487 3007 esse,

233 3081 279 3114 72
303 3078 457 3116 fratres:
482 3079 612 3115 fratris
638 3080 805 3116 Macrob.
825 3084 893 3116 sat.
920 3080 980 3115 VI
992 3083 1090 3124 2,15
1192 3084 1236 3116 78
1263 3082 1422 3117 statum:
1448 3083 1541 3118 verb.
1562 3083 1610 3119 It.
1704 3087 1747 3118 81
1777 3096 1862 3120 0011-

137 3125 314 3163 ioiscant:
334 3128 428 3164 verb.
442 3128 616 3174 Nicc(oh)
696 3131 742 3164 84
760 3127 922 3175 pietate:
943 3129 1036 3164 verb.
1050 3129 1098 3164 It.
1186 3133 1231 3164 94
1250 3140 1379 3174 quem:
1400 3141 1515 3175 quam
1536 3130 1678 3167 Charis.
1687 3143 1726 3177 p.
1740 3133 1860 3168 187Ρ.

138 3178 184 3211 95
208 3176 398 3212 vocatum:
424 3176 519 3212 verb.
539 3176 760 3223 er(ullu3)
857 3177 953 3212 nach
978 3180 1022 3211 97
1049 3177 1173 3213 Lache
1197 3178 1353 3213 erkarmt
1376 3178 1424 3214 It.

1528 3239 1571 3274 1*
