2092 3438
815 201 960 238 LmER
985 201 1202 237 TERTIUS.
1810 201 1864 243 21

297 327 394 356 cum
427 312 629 356 subeant:
661 314 706 354 at
738 326 824 368 qua
853 311 1025 367 possint
1054 311 1127 353 uia
1157 310 1277 354 nulla
1307 311 1490 354 uidetur.

295 385 404 428 haut
434 384 570 442 igitur
600 383 765 426 faciunt
797 383 964 426 animae
995 383 1080 425 sibi
1111 397 1293 439 corpora
1323 385 1367 425 et
1399 385 1530 425 artus.

296 471 375 500 nec
404 459 551 501 tamen
582 458 647 499 est
677 455 804 512 utqui
834 454 1037 511 perfectis
1067 454 1344 497 insinuentur

296 528 568 586 corporibus:
599 542 739 584 neque
769 527 883 570 enim
913 528 1120 583 poterunt
1152 526 1372 582 suptiliter
1404 540 1496 570 esse

148 613 218 646 '140
297 615 500 658 conexae,
529 614 668 656 neque
699 613 931 643 consensus
964 598 1166 655 contagia
1196 599 1312 641 fient.

353 671 551 728 Denique
581 687 657 715 cur
688 671 798 714 acris
829 670 1037 714 violentia
1067 670 1194 714 triste
1225 670 1401 713 leonum

294 742 524 787 seminium
555 741 769 799 sequitur,
799 741 948 798 volpes
979 740 1124 798 dolus,
1154 743 1198 784 et
1228 741 1333 799 fuga
1364 743 1501 786 cernis

292 831 318 859 a
347 813 546 872 patribus
578 814 706 857 datur
736 815 780 856 et
810 813 978 870 patrius
1009 828 1147 869 pauor
1177 813 1331 857 incitat
1363 817 1506 873 artus,

295 890 339 931 et
369 887 457 930 iam
487 889 629 930 cetera
659 885 710 929 de
742 899 898 943 genere
926 885 1010 928 hoc
1041 900 1118 928 cur
1150 886 1293 929 omm'a
1324 887 1530 930 membris

145 970 213 1004 745
292 974 345 1004 ex
375 959 551 1002 ineunte
581 972 688 1001 aeuo
720 960 1004 1015 generascunt
1035 957 1314 1017 ingenioque,

293 1031 330 1075 si
359 1045 470 1089 non,
499 1032 617 1074 certa
649 1044 727 1073 suo
761 1029 863 1086 quia
894 1029 1055 1073 semine
1086 1030 1353 1087 seminioque

291 1103 358 1147 vis
390 1102 523 1146 animi
553 1101 717 1158 pariter
747 1101 901 1145 crescit
931 1116 1029 1145 cum
1060 1116 1238 1158 corpore
1270 1104 1471 1160 quoque?

294 1174 411 1232 quod
442 1175 479 1218 si
509 1174 754 1218 inmortalis
785 1174 899 1217 foret
930 1176 973 1217 et
1004 1176 1172 1217 mutare
1204 1175 1364 1218 soleret

290 1261 490 1304 corpora,
518 1246 745 1303 permixtis
777 1245 1018 1289 animantes
1049 1246 1244 1290 moribus
1276 1250 1436 1291 essent:

143 1331 213 1365 ’150
291 1319 499 1378 effugeret
530 1318 647 1362 canis
678 1317 883 1374 Hyrcano
915 1318 967 1360 de
998 1318 1160 1361 semine
1192 1334 1318 1376 saepe

293 1390 508 1448 cornigeri
537 1390 759 1434 incursum
789 1390 924 1448 cerui,
954 1392 1244 1447 tremeretque
1273 1406 1351 1448 per
1382 1407 1508 1435 auras

292 1464 403 1507 aeris
436 1462 639 1519 accipiter
668 1462 840 1520 fugiens
872 1462 1072 1505 ueniente
1104 1463 1323 1522 columba,

291 1535 535 1592 desiperent
563 1534 784 1593 homines,
814 1537 1014 1591 saperent
1044 1535 1136 1578 fera
1168 1536 1306 1579 saecla
1336 1536 1537 1580 ferarum.

289 1606 398 1651 illud
428 1606 542 1650 enim
572 1606 683 1650 falsa
713 1607 853 1650 fertur
883 1607 1071 1664 ratione,
1103 1607 1220 1664 quod
1250 1608 1372 1651 aiunt

142 1690 210 1724 755
288 1678 564 1722 inmortalem
596 1679 783 1722 animam
814 1681 983 1722 mutato
1016 1693 1196 1736 corpore
1227 1679 1360 1723 flecti:

289 1750 405 1808 quod
434 1753 630 1794 mutatur
661 1751 795 1809 enim,
826 1750 1102 1810 dissoluitu17
1131 1751 1283 1795 interit
1314 1766 1430 1809 ergo.

288 1823 549 1867 traiciuntur
580 1823 694 1866 enim
725 1825 869 1880 partes
903 1825 1033 1879 atque
1066 1823 1214 1867 ordine
1245 1824 1456 1882 migrant3

290 1910 423 1953 quare
453 1895 636 1938 dissolui
668 1909 840 1952 quoque
871 1895 1028 1939 debent
1059 1910 1188 1952 posse
1219 1911 1296 1952 per
1328 1899 1468 1954 artus,

288 1967 472 2024 denique
502 1969 552 2010 ut
582 1967 798 2010 intereant
829 1982 916 2010 una
947 1982 1045 2010 cum
1077 1982 1256 2024 corpore
1287 1971 1476 2012 cunctae.

142 2051 211 2084 760
290 2040 360 2083 sin
389 2039 554 2082 animas
584 2039 811 2083 hominum
842 2039 984 2082 dicent
1015 2039 1062 2082 in
1093 2054 1274 2096 corpora
1306 2056 1474 2097 semper

286 2111 350 2155 ire
378 2111 586 2169 humana,
615 2113 762 2154 tamen
794 2126 998 2168 quaeram
1029 2126 1105 2154 cur
1136 2126 1159 2154 e
1191 2113 1377 2168 sapienti

142 2195 211 2228 762
292 2183 428 2227 stulta
459 2185 589 2240 queat
619 2183 733 2242 fieri,
761 2198 841 2226 nec
869 2183 1057 2240 prudens
1090 2183 1148 2226 sit
1180 2199 1287 2240 puer
1317 2184 1455 2243 ullus,

141 2267 210 2299 764
288 2270 366 2298 nec
396 2257 488 2299 tam
519 2254 671 2298 doctus
703 2269 837 2312 equae
868 2255 1015 2311 pullus
1048 2270 1177 2312 quam
1208 2256 1336 2299 fortis
1368 2258 1468 2314 equi
1500 2258 1579 2301 uis.

141 2338 209 2371 765
289 2327 472 2386 scilicet,
501 2327 549 2370 in
579 2329 728 2370 tenero
759 2330 1024 2371 tenerascere
1056 2343 1236 2385 corpore
1267 2331 1456 2372 mentem

287 2399 548 2457 confugient.
611 2399 727 2456 quod
758 2399 795 2442 si
827 2399 913 2442 iam
943 2399 1015 2457 fit,
1046 2401 1208 2443 fateare
1239 2403 1455 2444 necessest

286 2470 516 2514 mortalem
547 2485 640 2514 esse
671 2471 879 2529 animam,
911 2472 1116 2528 quoniam
1146 2475 1316 2516 mutata
1345 2488 1422 2529 per
1453 2475 1573 2516 artus

287 2544 411 2585 tanto
445 2557 573 2599 opere
605 2543 769 2586 amittit
799 2543 938 2587 uitam
971 2559 1229 2601 sensumque
1259 2545 1458 2601 priorem.

288 2628 430 2671 quoue
460 2615 589 2659 modo
620 2615 783 2672 poterit
813 2616 977 2672 pariter
1008 2631 1105 2659 cum
1137 2631 1315 2673 corpore
1349 2632 1519 2674 quoque

141 2697 210 2731 ‘1⁷0
289 2686 543 2730 confirmata
573 2687 768 2744 cupitum
802 2688 956 2731 aetatis
989 2691 1168 2746 tangere
1198 2689 1350 2732 florem

286 2759 355 2802 uis
386 2759 537 2817 animi,
565 2759 652 2802 nisi
684 2760 767 2803 erit
797 2775 975 2803 consors
1006 2761 1053 2803 in
1085 2761 1252 2818 origine
1284 2762 1453 2818 prima?

289 2830 446 2886 quidue
475 2831 593 2874 foras
626 2831 710 2874 sibi
742 2832 836 2875 uolt
868 2833 1074 2876 membris
1107 2833 1223 2876 exire
1256 2834 1471 2876 senectis‘?

288 2916 343 2944 an
372 2902 529 2945 metuit
560 2903 763 2946 conclusa
792 2918 964 2946 manere
995 2903 1043 2946 in
1073 2919 1252 2961 corpore
1284 2905 1424 2962 putri,

235 3059 302 3091 736
329 3067 405 3101 qua
431 3055 551 3092 Mar:
578 3068 650 3102 que
732 3060 800 3092 738
826 3056 936 3102 utqui
962 3058 1120 3095 Mwmro:
1148 3061 1190 3094 ut
1215 3059 1368 3105 quicum
1443 3063 1512 3095 740
1538 3071 1737 3096 consensu:
1764 3061 1857 3096 verb.

137 3102 287 3139 Lachm.
375 3107 443 3139 742
470 3103 591 3140 ceruis
615 3105 680 3141 It.:
709 3116 838 3141 ceruos
926 3109 994 3141 743
1021 3107 1206 3153 apatrius:
1233 3108 1326 3143 verb.
1347 3107 1403 3142 ΑΞ
1495 3111 1563 3143 747
1590 3119 1740 3153 quoque
1765 3108 1855 3143 AC:

138 3151 220 3187 toto
244 3151 282 3186 B
362 3155 431 3187 760
451 3151 509 3187 sin
529 3153 636 3189 Pont.
652 3153 774 3192 Mam:
800 3152 854 3189 sic
868 3174 913 3179 —-
933 3165 1105 3200 corpore:
1131 3156 1223 3191 verb.
1239 3155 1296 3190 13²
1374 3159 1443 3191 763
1463 3173 1508 3186 =
1530 3159 1598 3191 746
1680 3159 1749 3191 764
1766 3166 1859 3202 pau-

137 3197 213 3235 lus:
238 3199 332 3236 verb.
353 3199 457 3236 Nice.
556 3203 623 3236 765
648 3202 794 3236 mentes
819 3201 919 3237 Non.
935 3213 974 3247 p.
996 3205 1068 3238 181
