2092 3438
63 71 90 109 51
98 72 119 113 ⁴
135 82 149 91 *-
183 83 185 85 ·

765 177 913 215 LIBER
937 177 1155 213 TERTIUS.
1767 175 1824 219 15

249 291 513 333 commutare
544 288 736 332 animum
768 288 1027 344 quicumque
1058 286 1253 330 adoritur
1285 289 1328 329 et
1359 286 1458 330 infit

248 364 325 405 aut
355 361 485 404 aliam
515 360 715 417 quamuis
745 362 947 402 naturam
978 358 1150 402 flectere
1182 359 1361 415 quaerit.

249 436 296 477 at
323 447 464 490 neque
494 432 722 476 transferri
753 432 838 474 sibi
869 431 1007 487 partis
1036 445 1116 474 nec
1146 431 1282 473 tribui
1314 430 1410 473 uolt

247 505 478 548 inmortale
510 504 627 561 quod
658 506 724 547 est
756 505 989 560 quicquam
1018 518 1158 559 neque
1190 502 1374 545 defluere
1405 502 1561 545 hilum:

246 591 348 620 nam
379 576 678 633 quodcumque
710 576 800 619 suis
831 578 1048 619 mutatum
1079 574 1241 617 finibus
1273 575 1381 630 exit,

207 676 209 678 -
249 649 455 693 continuo
486 648 570 691 hoc
600 663 719 691 mors
751 650 818 690 est
848 647 967 690 illius
999 646 1116 703 quod
1147 646 1233 688 fuit
1265 648 1375 688 ante.

246 735 351 778 ergo
383 720 554 764 animus
585 720 678 763 siue
710 720 939 777 aegrescit,
969 718 1171 762 mortalia
1203 718 1327 775 signa

246 792 404 850 mittit,
434 791 503 835 uti
532 791 677 848 docui,
709 806 786 834 seu
817 791 1007 834 flectitur
1039 806 1064 833 a
1093 789 1313 833 medicina.

248 879 386 922 usque
417 864 522 908 adeo
554 863 689 907 falsae
720 863 881 907 rationi
912 878 1015 906 uera
1045 863 1220 906 uidetur

242 942 315 980 ‘res
346 951 568 980 occurrere
599 938 643 979 et
674 936 883 993 effugium
913 935 1189 992 praecludere
1221 935 1341 978 eunti

250 1009 516 1066 ancipitique
546 1008 741 1052 refutatu
772 1008 1026 1051 conuincere
1057 1007 1226 1050 falsum.

308 1079 506 1138 Denique
537 1096 662 1137 saepe
693 1081 915 1124 hominem
945 1080 1158 1136 paulatim
1189 1080 1403 1123 cernimus
1434 1079 1496 1121 ire

247 1155 292 1196 et
321 1153 597 1197 membratim
626 1152 806 1196 uitalem
837 1151 1067 1208 deperdere
1099 1166 1289 1195 sensum:

246 1224 293 1268 in
322 1225 507 1282 pedibus
538 1226 728 1282 primum
759 1225 921 1282 digitos
951 1224 1158 1267 liuescere
1188 1227 1232 1267 et
1263 1224 1443 1283 unguis,

245 1296 346 1340 inde
375 1297 505 1354 pedes
535 1300 580 1341 et
611 1313 737 1341 crura
767 1297 897 1353 mori,
928 1299 1030 1352 post
1061 1296 1161 1339 inde
1191 1312 1267 1352 per
1299 1299 1420 1339 artus

98 1379 170 1412 530
250 1369 312 1412 ire
343 1369 453 1413 alios
484 1370 659 1413 tractim
689 1369 821 1426 gelidi
851 1369 1040 1426 uestigia
1069 1368 1166 1425 leti3

249 1441 460 1484 scinditur
491 1441 657 1498 *atque
688 1442 855 1484 animae
886 1441 992 1484 haec
1023 1441 1228 1497 quoniam
1258 1444 1416 1484 natura
1446 1455 1524 1483 nec
1555 1456 1641 1484 uno

247 1515 443 1573 tempore
474 1513 640 1556 sincera
671 1513 839 1571 existit,
869 1512 1067 1556 mortalis
1098 1513 1348 1556 habendast.

249 1585 435 1646 quodsi
465 1585 580 1628 forte
610 1587 740 1642 putas
771 1586 911 1641 ipsam
943 1600 988 1628 se
1018 1600 1144 1641 posse
1175 1600 1252 1641 per
1284 1587 1404 1628 artus

246 1656 463 1705 introsum
492 1657 662 1700 trahere
695 1660 738 1700 et
769 1658 906 1714 partis
937 1657 1172 1700 conducere
1204 1657 1251 1700 in
1282 1672 1416 1700 unum

0 1785 2 1788 v
99 1739 170 1772 536
249 1731 380 1787 atque
411 1729 507 1773 ideo
539 1729 706 1773 cunctis
738 1744 912 1773 sensum
944 1729 1141 1773 diducere
1172 1730 1395 1786 membris,

0 1816 4 1851 't
247 1804 294 1844 at
322 1801 445 1845 locus
475 1801 550 1844 ille
580 1804 747 1859 tamen,
777 1817 864 1858 quo
896 1802 1021 1858 copia
1051 1804 1175 1844 tanta
1205 1802 1364 1844 animai

246 1873 436 1931 cogitur,
466 1873 515 1917 in
545 1888 675 1917 sensu
706 1873 832 1917 debet
862 1875 1026 1917 maiore
1057 1874 1215 1931 uideri;

247 1946 324 2002 qui
355 1946 560 2002 quoniam
589 1949 869 2004 nusquamst,
898 1947 1122 2004 nimirum,
1153 1949 1203 1990 ut
1235 1946 1422 1990 diximus
1455 1950 1574 2004 ante,

246 2017 454 2061 dilaniata
482 2018 600 2062 foras
632 2018 916 2076 dispargitur,
946 2019 1098 2062 interit
1129 2033 1245 2076 ergo.

97 2100 168 2133 540
248 2090 356 2146 quin
384 2090 516 2133 etiam
547 2091 586 2134 si
616 2091 704 2134 iam
734 2091 869 2134 libeat
901 2091 1130 2134 concedere
1162 2091 1321 2134 falsum

248 2164 292 2205 et
323 2161 425 2206 dare
454 2177 584 2219 posse
615 2163 804 2206 animam
835 2163 1066 2220 glomerari
1097 2164 1143 2206 in
1174 2178 1353 2219 corpore
1386 2178 1554 2221 eorum,

244 2233 411 2278 lumina
442 2235 518 2291 qui
547 2235 717 2278 lincunt
747 2235 997 2279 moribundi
1027 2236 1341 2293 particulatim,

246 2306 477 2350 mortalem
507 2310 655 2351 tamen
685 2322 778 2350 esse
809 2308 997 2351 animam
1028 2309 1190 2351 fateare
1220 2323 1410 2366 necesse,

246 2393 325 2422 nec
354 2379 488 2422 refert
518 2382 668 2422 utrum
697 2382 845 2436 pereat
876 2380 1069 2437 dispersa
1099 2396 1176 2437 per
1208 2396 1334 2424 auras

100 2460 170 2493 545
250 2465 307 2494 an
337 2453 559 2495 contracta
589 2452 679 2495 suis
711 2467 734 2494 e
764 2452 964 2508 partibus
997 2453 1294 2510 obbrutescat,

248 2522 420 2579 quando
450 2523 672 2567 hominem
703 2526 846 2567 totum
877 2525 1017 2582 magis
1048 2540 1096 2568 ac
1127 2525 1267 2583 magis
1298 2525 1487 2581 undique
1519 2541 1669 2569 sensus

248 2594 392 2638 deficit
423 2598 466 2638 et
496 2595 615 2639 uitae
644 2596 789 2639 minus
820 2599 864 2640 et
894 2598 1038 2640 minus
1070 2598 1260 2654 undique
1291 2600 1437 2641 restat.

306 2666 368 2710 Et
399 2667 604 2723 quoniam
635 2683 756 2711 mens
788 2671 854 2711 est
885 2669 1075 2713 hominis
1106 2685 1208 2726 pars
1241 2685 1343 2727 una,
1375 2669 1470 2712 loco
1504 2685 1612 2726 quae

247 2738 334 2782 fixa
364 2742 511 2783 manet
541 2742 676 2796 certo,
709 2741 830 2784 uelut
862 2756 988 2784 aures
1019 2744 1149 2798 atque
1182 2742 1294 2785 oculi
1328 2745 1443 2799 sunt]

99 2820 170 2853 550
249 2813 379 2867 atque
411 2811 486 2854 alii
518 2826 668 2855 sensus
701 2813 775 2869 qui
808 2813 946 2856 uitam
977 2829 1160 2870 cumque
1190 2814 1454 2871 gubernant,

248 2885 293 2925 et
323 2883 462 2926 ueluti
491 2899 644 2928 manus
675 2887 806 2942 atque
838 2886 987 2929 oculus
1019 2901 1200 2929 naresue
1233 2901 1427 2929 seorsum

249 2957 412 2999 secreta
443 2955 497 2998 ab
528 2956 656 2999 nobis
686 2960 907 3014 nequeunt
939 2958 1099 3001 sentire
1128 2973 1269 3014 neque
1301 2973 1392 3001 esse
1399 2995 1412 3016 ,

12 999 14 1002 ’
31 1001 53 1037 ·''³
101 1019 172 1054 525

194 3088 264 3120 522
284 3084 435 3121 deocui:
461 3086 554 3122 verb.
575 3086 632 3122 13¹
704 3091 773 3123 523
793 3086 969 3124 rationis:
995 3089 1088 3125 verb.
1111 3089 1213 3124 Mar.
1289 3092 1358 3124 525
1378 3088 1582 3125 refutatur:
1608 3090 1702 3125 verb.
1718 3089 1821 3124 Mar.

98 3135 168 3168 681
207 3131 357 3169 animae
390 3133 539 3170 Lamb.:
574 3134 700 3171 animo
804 3139 873 3171 538
912 3137 1001 3172 ante
1031 3148 1103 3183 erg.
1124 3137 1229 3173 Nice.
1334 3140 1403 3172 544
1436 3136 1620 3183 disperse:
1653 3138 1745 3173 verb.
1768 3137 1823 3172 Βἰ

9 3221 20 3240 Δ,
98 3183 168 3216 545
193 3180 426 3218 obrutescat:
452 3183 546 3218 verb.
568 3182 670 3219 Mar.
769 3187 840 3220 548
865 3183 1040 3229 locoque:
1065 3186 1158 3221 verb.
1179 3185 1329 3221 Laehm.
