2092 3438
779 198 923 235 LIBER
948 198 1165 234 TERTIUS.
1808 197 1835 239 9

0 313 18 337 '4
111 321 182 354 290
261 311 328 353 est
360 311 404 353 et
434 309 594 367 frigida
623 308 781 366 multa,
812 323 955 352 comes
987 308 1250 365 formidinis,
1282 323 1406 365 aura,

0 339 17 437 1
260 396 370 439 quae
401 382 486 425 ciet
515 381 741 425 horrorem
773 380 978 424 membris
1012 383 1054 423 et
1086 381 1274 423 concitat
1305 383 1444 437 artus3

0 448 10 514 Ι
261 455 328 497 est
359 453 491 496 etiam
521 466 694 509 quoque
724 453 866 509 pacati
899 455 1040 496 status
1073 452 1183 495 aeris
1215 452 1309 510 ille,

0 513 14 590 Ι)
259 528 434 582 pectore
463 524 702 581 tranquillo
734 524 810 580 qui
839 524 891 567 fit
923 524 1133 580 uoltuque
1166 538 1327 568 sereno.

0 591 7 618 ''
261 597 335 640 sed
365 596 492 641 calidi
522 596 622 653 plus
654 599 721 639 est
751 596 840 639 illis
873 596 1031 652 quibus
1064 596 1178 639 acria
1209 595 1337 638 corda

0 621 12 758 Ι
113 680 182 714 295
261 669 551 725 iracundaque
580 683 702 711 mens
734 668 859 711 facile
891 668 1132 711 efferuescit
1163 669 1210 711 in
1240 668 1323 723 ira3

0 766 12 812 Ι
261 755 346 798 quo
378 755 534 799 genere
563 740 611 783 in
640 741 794 797 primis
825 741 894 783 uis
925 743 990 783 est
1022 740 1215 783 uiolenta
1245 739 1439 796 leonum,

0 802 21 846 ἦ
260 815 438 870 pectora
469 813 545 869 qui
575 812 754 856 fremitu
785 815 995 868 rumpunt
1026 812 1280 868 plerumque
1313 813 1533 868 gementes

0 846 23 945 Ι,
259 899 338 928 1100
368 899 519 942 capere
550 885 713 928 irarum
744 884 902 927 fluctus
933 884 980 927 in
1010 886 1184 940 pectore
1215 886 1411 940 possunt.

0 945 18 1016 Ι
261 959 307 1000 at
337 959 521 1000 uentosa
550 956 691 1014 magis
723 971 950 1000 ceruorum
980 956 1138 1013 frigida
1168 970 1289 998 mens
1322 957 1388 999 est

0 1041 8 1074 ἱ
114 1041 186 1073 300
265 1031 309 1072 et
339 1029 503 1086 gelidas
536 1029 664 1072 citius
695 1044 772 1085 per
802 1029 969 1072 uiscera
999 1029 1188 1072 concitat
1219 1043 1366 1086 auraS,

0 1098 10 1117 Ι
261 1116 372 1158 quae
401 1101 637 1144 tremulum
667 1101 832 1144 faciunt
862 1101 1068 1144 membris
1101 1100 1285 1144 existere
1316 1102 1494 1142 motum.

262 1175 308 1217 at
337 1175 496 1216 natura
527 1173 660 1216 boum
691 1173 861 1230 placido
892 1173 1033 1230 magis
1065 1188 1162 1216 aere
1192 1172 1324 1230 uiuit,

260 1260 340 1289 1100
369 1245 500 1289 11111118
532 1245 613 1288 irai
643 1245 716 1288 fax
748 1260 955 1301 umquam
987 1245 1160 1288 subdita
1191 1245 1329 1301 percit

259 1317 442 1375 fumida,
473 1317 724 1361 suffundens
757 1332 904 1361 caecae
936 1317 1134 1374 caliginis
1166 1317 1384 1372 umbram,

112 1399 182 1433 305
261 1404 342 1433 nec
371 1389 526 1447 gelidis
557 1392 703 1446 to‘rpet
734 1389 834 1433 telis
865 1390 1029 1446 perfixa
1060 1389 1256 1446 pauoris,

260 1461 584 1518 interutrasque
614 1461 640 1489 '¹‘
655 1462 761 1505 sitas
793 1477 944 1505 ceruos
978 1476 1217 1518 saeuosque
1248 1461 1406 1504 leones.

262 1533 325 1577 sic
354 1533 581 1577 hominum
611 1548 748 1591 genus
781 1538 864 1577 est:
898 1534 1098 1591 quamuis
1129 1534 1325 1577 doctrina
1356 1533 1518 1589 politos

262 1605 502 1649 constituat
532 1607 697 1662 pariter
730 1607 959 1665 quosdam,
989 1609 1136 1651 tamen
1166 1606 1243 1648 issa
1273 1606 1482 1661 relinquit

261 1680 442 1721 naturae
473 1678 682 1736 cuiusque
713 1679 847 1722 animi
878 1679 1066 1736 uestigia
1097 1678 1248 1735 prima.

112 1761 183 1794 310
261 1764 340 1794 1100
369 1749 576 1794 radicitus
609 1751 738 1794 euelli
767 1751 882 1794 mala
912 1766 1041 1807 posse
1071 1751 1375 1807 putandumst,

264 1822 371 1879 quin
400 1822 638 1879 procliuius
668 1823 740 1866 hic
770 1823 858 1866 iras
891 1823 1089 1866 decurrat
1121 1823 1174 1866 ad
1205 1822 1336 1880 acris,

263 1894 337 1938 ille
367 1896 486 1938 metu
518 1894 646 1938 citius
677 1895 808 1952 paulo
840 1898 1097 1953 temptetur,
1129 1897 1173 1938 at
1204 1895 1278 1937 ille

259 1967 417 2010 tertius
449 1967 631 2024 accipiat
663 1968 873 2024 quaedam
903 1967 1157 2011 clementius
1188 1982 1338 2023 aequo.

261 2038 392 2095 inque
423 2039 521 2082 aliis
552 2040 682 2082 rebus
714 2040 864 2083 multis
897 2040 1068 2083 differre
1099 2042 1316 2082 necessest

113 2121 183 2155 315
261 2113 441 2155 naturas
470 2111 698 2155 hominum
727 2112 870 2155 uarias
901 2127 1129 2168 moresque
1161 2112 1374 2168 sequacis:

263 2197 450 2240 quorum
481 2198 561 2241 ego
592 2198 708 2227 nunc
737 2198 906 2240 nequeo
937 2199 1082 2227 caecas
1115 2198 1326 2241 exponere
1358 2199 1508 2227 causas

262 2269 342 2298 nec
373 2256 560 2312 reperire
591 2255 830 2313 figurarum
860 2258 928 2299 tot
958 2256 1154 2313 nomina,
1186 2258 1293 2312 quot
1325 2258 1428 2298 sunt

263 2327 508 2387 principiis,
537 2327 650 2371 unde
680 2327 786 2370 haec
817 2328 958 2371 oritur
988 2329 1204 2372 uariantia
1234 2343 1388 2371 rerum.

261 2399 369 2443 illud
398 2400 447 2443 in
475 2400 546 2444 his
577 2401 706 2444 rebus
739 2399 865 2443 uideo
897 2400 1070 2444 firmare
1101 2403 1294 2458 potesse,

53 2517 65 2525 ,
113 2482 184 2516 320
262 2486 398 2528 usque
429 2473 534 2516 adeo
565 2475 820 2516 naturarum
850 2473 1040 2530 uestigia
1069 2473 1210 2529 linqui

261 2543 460 2602 paruola,
490 2558 599 2600 quae
629 2547 816 2601 nequeat
847 2545 960 2588 ratio
993 2545 1205 2602 depellere
1235 2544 1383 2602 nobis,

261 2618 312 2659 ut
340 2615 405 2658 nil
435 2615 628 2672 inpediat
659 2616 835 2673 dignam
866 2616 932 2659 dis
964 2617 1118 2674 degere
1148 2617 1298 2660 uitam.

321 2686 440 2730 Haec
469 2687 606 2745 igitur
636 2691 794 2731 natura
824 2691 997 2731 tenetur
1028 2704 1206 2745 corpore
1239 2689 1293 2732 ab
1327 2689 1463 2746 omni,

262 2760 443 2816 ipsaque
473 2760 667 2816 corporis
700 2763 766 2803 est
797 2763 946 2803 custos
978 2763 1021 2804 et
1053 2776 1181 2804 causa
1213 2761 1386 2804 salutis:

116 2842 185 2875 325
263 2845 365 2874 nam
395 2832 695 2875 communibus
727 2833 842 2875 inter
876 2847 920 2875 se
952 2833 1168 2876 radicibus
1199 2833 1397 2890 haerent,

263 2917 341 2946 nec
372 2902 464 2946 sine
494 2903 683 2959 pernicie
714 2904 862 2947 diuelli
892 2919 1021 2960 posse
1051 2905 1264 2948 uidentur.

212 3012 280 3045 291
306 3008 530 3045 inconcitat:
557 3010 649 3046 verb.
670 3009 788 3045 A²B²
885 3014 953 3046 293
978 3013 1146 3057 pertore:
1178 3012 1270 3048 verb.
1292 3011 1348 3046 A²
1367 3033 1410 3036 —
1438 3011 1480 3046 fit
1505 3010 1587 3056 qui:
1621 3011 1713 3047 verb.
1736 3012 1839 3047 Mar.

116 3061 186 3094 303
216 3056 341 3093 minus
366 3056 440 3093 ira:
472 3058 564 3094 verb.
590 3058 638 3094 It.
737 3061 807 3094 304
839 3057 1004 3094 fumidas
1030 3059 1127 3106 (-des
1154 3060 1204 3106 B)
1232 3058 1443 3095 effundens:
1476 3060 1570 3095 verb.
1596 3059 1643 3095 It.
1676 3081 1721 3085 —
1760 3071 1840 3094 um-

114 3105 223 3141 bram
242 3105 333 3141 AN
351 3105 488 3140 umbra
507 3105 544 3140 Β
617 3109 687 3142 305
712 3105 881 3152 uaporis:
911 3107 1004 3143 verb.
1027 3107 1128 3143 Mar.
1205 3112 1273 3143 306
1300 3106 1400 3142 inter
1423 3109 1602 3152 utrosque
1629 3106 1739 3142 sitast
1757 3108 1840 3151 Av.‚

115 3153 395 3198 interutrasque
427 3152 539 3188 sitast
563 3153 718 3200 Brieyer
815 3157 883 3189 309
915 3156 1068 3191 natura:
1097 3156 1190 3192 verb.
1217 3156 1264 3191 It.
1363 3158 1434 3190 319
1466 3155 1644 3191 formare:
1672 3156 1764 3192 verb.
1791 3156 1838 3192 It.

117 3204 185 3237 321
211 3199 370 3246 niqueat
394 3200 532 3248 (iniqu-
556 3201 625 3248 B):
651 3202 744 3238 verb.
766 3202 822 3237 A2
846 3224 891 3228 -
917 3202 1027 3239 nobis
1052 3203 1222 3240 Laehm.:
1248 3202 1387 3249 noetis;
1414 3202 1527 3239 dictis
1554 3204 1656 3239 Mar.
