2092 3438
0 1054 13 1162 Ξ

0 1161 8 1214 ξ

87 1245 157 1279 970

86 1605 156 1639 975

85 1966 156 2000 980

83 2325 153 2359 985

84 2686 156 2719 990

759 189 904 225 LIBER
928 179 1146 225 TERTIUS.

239 299 314 343 sed
344 299 447 356 quia
479 314 645 356 semper
675 313 777 342 aues
809 298 925 355 quod
956 299 1098 356 abest,
1128 299 1373 355 praesentia
1404 299 1582 356 temnis,

237 371 474 428 inperfecta
503 371 588 414 tibi
619 370 808 427 elapsast
839 370 1098 428 ingrataque
1129 371 1242 428 uita,

240 445 284 487 ct
313 443 592 500 necopinanti
622 457 740 486 mors
771 442 826 486 ad
856 445 985 499 caput
1017 443 1188 486 adstitit
1219 446 1319 486 ante

240 529 371 572 quam
401 516 526 558 satur
555 528 606 558 ac
635 514 788 571 plenus
819 515 962 571 possis
994 509 1207 558 discedere
1238 530 1393 558 rerum.

239 591 355 632 nunc
385 586 524 630 aliena
554 589 632 630 tua
656 589 802 630 tamen
833 589 974 630 aetate
1006 587 1151 630 omnia
1181 587 1308 630 mitte

238 674 376 716 aequo
408 659 655 716 animoque,
687 658 888 717 agedum,
918 658 1120 716 *magnis
1152 659 1348 702 concede:
1379 660 1622 703 necessest?

238 731 352 789 iure,
381 733 432 775 ut
463 730 636 788 opinor,
667 733 788 788 agat,
817 731 910 774 iure
940 730 1132 787 increpet
1162 731 1414 787 inciletque:

237 802 350 847 cedit
380 803 496 846 enim
525 817 670 846 rerum
701 803 899 845 nouitate
931 805 1107 846 extrusa
1138 805 1333 846 uetustas

237 889 423 934 semper,
454 877 497 918 et
529 889 582 918 ex
613 874 710 918 aliis
742 874 860 918 aliud
890 889 1089 931 reparare
1119 877 1347 918 necessest.

233 961 314 990 nec
344 947 575 1004 quisquam
604 947 651 990 in
682 946 906 990 baratrum
934 961 1014 990 nec
1044 946 1226 990 Tartara
1257 947 1427 990 deditur
1459 949 1571 990 atra:

235 1019 437 1064 materies
470 1033 578 1075 opus
610 1021 698 1077 est,
728 1021 778 1062 ut
810 1022 1003 1063 crescant
1033 1022 1208 1076 postera
1240 1019 1397 1077 saecla3

237 1106 348 1148 quae
378 1094 525 1135 tamen
555 1091 700 1135 omnia
730 1094 773 1134 te
795 1092 898 1135 ‘uita
928 1092 1156 1149 perfuncta
1188 1094 1440 1148 sequentur:

233 1177 314 1207 nec
342 1151 488 1206 minus
519 1177 622 1220 ergo
655 1163 836 1207 antehac
867 1179 997 1220 quam
1027 1166 1077 1206 tu
1109 1164 1296 1207 cecidere
1327 1163 1576 1220 cadentque.

236 1234 299 1279 sic
330 1235 418 1278 alid
448 1250 500 1278 ex
532 1235 618 1279 alio
649 1250 887 1292 numquam
918 1236 1099 1279 desistet
1131 1235 1254 1291 oriri,

234 1307 412 1364 uitaque
442 1307 658 1364 mancipio
688 1307 800 1351 nulli
831 1308 978 1365 datur,
1010 1307 1210 1351 omnibus
1242 1322 1336 1350 usu.

292 1378 477 1436 Respice
506 1380 612 1423 item
645 1395 775 1436 quam
804 1381 869 1423 nil
901 1380 954 1423 ad
984 1395 1066 1423 nos
1099 1382 1199 1423 ante
1231 1382 1328 1423 acta
1359 1382 1556 1423 uetustas

234 1452 444 1508 temporis
475 1452 639 1495 aeterni
669 1451 821 1509 fuerit,
853 1467 982 1508 quam
1012 1451 1231 1495 nascimur
1263 1454 1374 1496 ante.

231 1522 317 1567 hoc
346 1523 484 1582 igitur
516 1523 738 1580 speculum
767 1523 896 1567 nobis
926 1526 1085 1567 natura
1115 1524 1254 1567 futuri

235 1595 444 1652 temporis
475 1596 654 1652 exponit
684 1597 787 1651 post
818 1598 1004 1639 mortem
1036 1595 1221 1652 denique
1251 1598 1458 1639 nostram.

232 1667 444 1725 numquid
474 1668 538 1711 ibi
567 1667 778 1711 horribile
811 1670 1009 1725 apparet,
1038 1682 1144 1710 num
1175 1668 1302 1710 triste
1333 1667 1506 1710 uidetur

234 1739 483 1799 quicquam,
511 1754 602 1783 non
633 1739 750 1783 omni
782 1754 933 1783 somno
967 1740 1158 1783 securius
1190 1740 1363 1783 exstat?

235 1813 366 1868 atque
395 1827 465 1870 ea,
492 1812 699 1855 nimirum
705 1847 718 1870 ,
750 1827 1042 1869 quaecumque
1073 1811 1322 1856 Acherunte
1352 1812 1568 1868 profundo

233 1883 406 1941 prodita
436 1886 539 1927 sunt
571 1899 681 1941 esse,
712 1884 760 1927 in
790 1884 883 1927 uita
915 1887 1018 1928 sunt
1050 1884 1195 1927 omnia
1225 1884 1364 1928 nobis.

232 1970 312 2000 nec
340 1956 474 1999 miser
502 1955 740 2013 inpendens
772 1970 978 2013 magnum
1009 1956 1134 1999 timet
1166 1971 1263 1999 aere
1295 1971 1447 1999 saxum

234 2026 464 2086 Tantalus,
494 2030 544 2071 ut
574 2028 752 2086 famast,
782 2043 904 2071 cassa
935 2028 1164 2071 formidine
1195 2031 1391 2085 torpens:

234 2098 308 2142 sed
337 2100 477 2157 magis
508 2100 555 2142 in
585 2100 679 2143 uita
709 2100 857 2143 diuom
887 2102 1028 2143 metus
1060 2102 1187 2157 urget
1217 2100 1359 2143 inanis

231 2171 449 2229 mortalis,
482 2186 713 2228 casumque
743 2172 900 2215 timent
931 2187 1060 2229 quem
1090 2172 1243 2229 cuique
1275 2173 1385 2215 ferat
1416 2174 1519 2216 fors.

231 2256 311 2286 nec
340 2242 503 2300 Tityon
534 2244 732 2288 uolucres
763 2245 916 2287 ineunt
946 2243 1194 2288 Acherunte
1224 2245 1452 2302 iacentem,

231 2329 313 2359 nec
343 2315 459 2373 quod
490 2316 572 2359 sub
603 2330 761 2374 magno
794 2319 1041 2360 scrutentur
1071 2319 1245 2373 pectore
1277 2318 1507 2374 quicquam

233 2389 486 2444 perpetuam
519 2390 705 2432 aetatem
735 2391 922 2445 possunt
953 2389 1140 2445 reperire
1170 2389 1375 2445 profecto.

234 2459 473 2516 quamlibet
505 2460 684 2504 immani
715 2460 911 2517 proiectu
942 2461 1135 2517 corporis
1168 2464 1326 2519 exstet,

234 2530 310 2588 qui
339 2546 429 2575 non
460 2532 553 2576 sola
582 2547 742 2576 nouem
773 2532 978 2589 dispessis
1010 2533 1159 2590 iugera
1190 2534 1396 2577 membris

234 2603 449 2661 optineat,
481 2604 554 2647 sed
586 2605 661 2661 qui
691 2605 824 2648 terrai
855 2605 993 2648 totius
1026 2605 1194 2662 orbem,

233 2689 324 2719 non
353 2677 498 2719 tamen
530 2679 753 2720 aeternum
783 2677 947 2734 poterit
977 2678 1166 2734 perferre
1197 2678 1390 2722 dolorem

233 2760 313 2789 nec
342 2747 548 2803 praebere
577 2749 722 2792 cibum
753 2749 930 2806 proprio
962 2749 1014 2792 de
1045 2764 1224 2806 corpore
1257 2765 1434 2806 semper.

234 2818 307 2861 sed
337 2818 491 2876 Tityos
521 2821 649 2864 nobis
679 2821 751 2864 hic
783 2824 868 2879 est,
898 2821 945 2864 in
977 2837 1121 2865 amore
1151 2822 1362 2866 iacentem

233 2904 361 2946 quem
391 2890 588 2935 uolucres
620 2892 812 2936 lacerant
843 2895 973 2950 atque
1004 2896 1125 2937 exest
1157 2895 1310 2937 anxius
1343 2908 1480 2951 angor

1757 189 1813 231 27

179 3047 248 3080 958
280 3043 503 3092 inperfecte:
536 3047 628 3083 verb.
655 3048 702 3084 It.
814 3051 884 3083 960
916 3046 1076 3084 discere:
1109 3049 1201 3084 verb.
1226 3049 1330 3085 Nice.
1443 3052 1511 3085 962
1544 3050 1707 3096 agedum
1739 3052 1804 3087 It.:

83 3092 281 3176 &5111ss
293 3114 353 3176 B—
390 3104 671 3178 ιᾷιὸειὲωεωέαω
703 3094 789 3131 aliis
821 3096 938 3179 Mag?
970 3095 1096 3180 ditgnils1
1127 3096 1278 3179 Lachng
1395 3100 1464 3133 964
1496 3097 1597 3134 cedi:
1637 3099 1728 3135 verb.
1749 3100 1802 3153 ⁸1t.

83 3188 176 3225 verz».
197 3151 301 3225 inm.
388 3192 456 3225 988
484 3153 662 3237 3¹31,ssss
671 3148 1046 3229 :vffffiift‘irffmzffssse
1098 3154 1185 3228 ³332
1212 3146 1530 3229 03t³13⁰ss¹2¹¹23¹¹³3
1604 3149 1671 3182 ⁹⁸⁵
1693 3147 1803 3192 ‘³¹²²d‘
