2092 3438
144 591 214 623 665

142 951 212 984 670

145 1311 214 1344 675

143 1670 214 1703 680

141 2031 210 2064 685

141 2390 212 2424 690

138 2749 207 2782 695

810 182 956 219 LIBER
981 182 1200 218 TERTIUS.

294 293 471 336 uolnere
502 292 658 336 tortari
689 294 734 334 et
764 294 926 335 terram
956 306 1241 349 conspargere
1272 293 1395 350 tabo,

292 365 432 422 ipsam
462 378 591 421 seque
621 365 739 406 retro
771 366 939 420 partem
970 367 1115 420 petere
1148 379 1222 407 ore
1253 365 1462 422 priorem,

293 436 484 480 uolneris
515 435 683 480 ardenti
716 437 765 478 ut
795 450 944 478 morsu
975 438 1143 491 premat
1174 436 1260 478 icta
1292 436 1450 479 dolore.

293 508 495 552 omnibus
527 522 619 552 esse
650 507 787 564 igitur
818 509 935 550 totas
967 507 1155 550 dicemus
1186 507 1234 549 in
1263 507 1351 550 illis

292 579 520 637 particulis
552 579 747 623 animas?
798 581 843 622 at
873 594 923 621 ea
954 579 1122 622 ratione
1154 582 1358 635 sequetur

294 666 425 695 unam
456 652 719 695 animantem
750 651 915 694 animas
946 651 1151 694 habuisse
1182 651 1229 693 in
1259 666 1438 707 corpore
1469 652 1641 694 multas.

293 737 397 782 ergo
429 723 614 767 diuisast
645 739 695 767 ea
727 738 836 780 quae
866 723 952 766 fuit
982 737 1069 766 una
1101 723 1231 766 simul
1261 738 1359 766 cum

294 809 489 854 corpore3
522 797 786 853 quapropter
816 795 1000 838 mortale
1031 797 1263 851 utrumque
1295 794 1597 852 putandumst,

293 867 341 910 in
369 867 531 911 multas
563 867 769 924 quoniam
797 866 935 923 partis
967 866 1193 910 disciditur
1224 881 1369 923 aeque.

349 938 576 983 Praeterea
607 939 645 982 si
675 938 921 982 inmortalis
951 941 1109 981 natura
1140 939 1299 982 animai

293 1013 465 1055 constat
495 1014 539 1054 et
569 1012 616 1055 in
647 1026 803 1068 corpus
833 1011 1111 1054 nascentibus
1144 1012 1408 1065 insinuatur,

297 1098 373 1127 cur
404 1098 533 1141 super
564 1086 665 1127 ante
695 1085 837 1126 actam
867 1086 1053 1127 aetatem
1085 1083 1334 1126 meminisse
1363 1084 1592 1140 nequimus

293 1170 373 1199 nec
402 1155 590 1212 uestigia
621 1158 843 1212 gestarum
872 1170 1016 1198 rerum
1047 1155 1137 1198 ulla
1166 1156 1394 1198 tenemus?

292 1243 395 1271 nam
426 1227 464 1271 si
494 1230 619 1270 tanto
652 1230 824 1284 operest
855 1228 989 1270 animi
1019 1230 1188 1271 mutata
1218 1230 1432 1284 potestas,

295 1300 435 1343 omnis
466 1302 517 1342 ut
548 1302 740 1342 actarum
773 1299 978 1342 exciderit
1009 1300 1241 1342 retinentia
1271 1314 1435 1357 rerum,

292 1386 401 1429 non,
430 1373 480 1414 ut
512 1371 684 1429 opinor,
713 1371 757 1414 id
789 1370 843 1414 ab
874 1371 962 1414 leto
993 1371 1081 1414 iam
1110 1371 1285 1428 longius
1318 1374 1450 1427 errat3

293 1445 558 1500 quapropter
588 1443 749 1486 fateare
781 1446 996 1486 necessest
1029 1458 1138 1500 quae
1167 1444 1252 1486 fuit
1285 1445 1384 1486 ante

293 1515 508 1558 interiisse
515 1551 528 1573 ,
558 1518 603 1558 et
634 1530 744 1572 quae
774 1530 889 1558 nunc
921 1518 988 1558 est
1017 1530 1132 1558 nunc
1163 1530 1256 1558 esse
1289 1518 1486 1558 creatam.

349 1586 577 1630 Praeterea
609 1588 647 1630 si
677 1588 764 1630 iam
795 1588 985 1644 perfecto
1018 1602 1198 1644 corpore
1228 1587 1357 1630 nobis

291 1659 442 1703 inferri
475 1659 648 1702 solitast
679 1660 812 1702 animi
843 1660 993 1702 uiuata
1023 1662 1218 1716 potestas

290 1734 387 1775 tum
417 1746 516 1774 cum
546 1731 767 1789 gignimur
798 1734 842 1774 et
873 1731 990 1774 uitae
1022 1746 1119 1774 cum
1149 1731 1282 1774 limen
1311 1731 1492 1789 inimus,

290 1803 407 1847 haud
436 1804 500 1847 ita
530 1804 815 1848 conueniebat
846 1803 914 1846 uti
945 1818 1042 1846 cum
1073 1818 1252 1859 corpore
1284 1806 1327 1846 et
1358 1818 1444 1846 una

290 1891 388 1919 cum
418 1876 623 1920 membris
654 1875 854 1919 uideatur
885 1875 932 1918 in
962 1875 1058 1932 ipso
1091 1876 1300 1933 sanguine
1332 1890 1490 1933 cresse,

291 1947 365 1991 sed
394 1947 516 1991 uelut
546 1948 593 1991 in
623 1962 754 1991 cauea
784 1962 861 2004 per
892 1962 938 1991 se
970 1947 1054 1990 sibi
1084 1947 1233 1990 uiuere
1265 1947 1403 1990 solam

290 2020 511 2078 conuenit,
540 2021 591 2062 ut
622 2034 751 2063 sensu
782 2034 938 2075 corpus
971 2022 1117 2062 tamen
1148 2019 1299 2062 affluat
1332 2035 1467 2063 omne.

292 2106 424 2149 quare
455 2092 587 2135 etiam
617 2094 748 2148 atque
780 2092 911 2134 etiam
940 2106 1080 2147 neque
1113 2092 1296 2149 originis
1329 2107 1422 2135 esse
1453 2092 1737 2148 putandumst

291 2163 479 2220 expertis
511 2163 676 2206 animas
707 2178 785 2206 nec
815 2163 893 2206 leti
924 2163 1019 2220 lege
1051 2163 1227 2207 solutas.

289 2250 391 2279 nam
420 2250 559 2292 neque
590 2237 715 2278 tanto
748 2249 876 2290 opere
908 2235 1077 2278 adnecti
1108 2236 1304 2292 potuisse
1334 2236 1618 2292 putandumst

290 2307 544 2364 corporibus
575 2307 740 2350 nostris
773 2307 1039 2350 extrinsecus
1070 2308 1312 2351 insinuatas
1346 2334 1402 2339 --

290 2379 407 2436 quod
436 2379 530 2422 fieri
561 2381 705 2422 totum
736 2381 887 2422 contra
917 2379 1147 2423 manifesta
1177 2380 1300 2424 docet
1331 2396 1417 2424 res:

287 2465 473 2508 namque
504 2451 568 2494 ita
599 2455 803 2495 conexast
834 2467 910 2509 per
941 2468 1074 2496 uenas
1106 2454 1273 2497 uiscera
1302 2468 1460 2497 neruos

291 2538 492 2580 ossaque,
523 2523 589 2566 uti
621 2523 769 2567 dentes
802 2539 975 2581 quoque
1009 2540 1137 2568 sensu
1167 2525 1498 2582 participentur3

289 2595 467 2639 morbus
499 2597 549 2638 ut
580 2595 741 2639 indicat
748 2631 760 2654 ,
791 2599 835 2639 et
867 2597 1026 2654 gelidai
1057 2597 1250 2654 stringor
1281 2598 1427 2654 aquai,

288 2669 332 2710 et
360 2667 472 2723 lapis
505 2682 737 2724 oppressus
770 2669 926 2712 subitis
959 2684 982 2711 e
1012 2669 1213 2726 frugibus
1246 2684 1371 2725 asper
1405 2695 1460 2700 —

286 2753 388 2797 nec,
418 2741 509 2782 tam
541 2742 767 2783 contextae
799 2756 896 2784 cum
929 2741 1035 2798 sint,
1066 2741 1181 2784 exire
1213 2741 1416 2784 uidentur

286 2810 524 2855 incolumes
555 2826 684 2868 posse
714 2815 758 2856 et
790 2813 932 2856 saluas
964 2813 1186 2856 exsoluere
1218 2828 1310 2856 sese

290 2883 490 2927 omnibus
523 2899 545 2926 e
575 2884 721 2927 neruis
754 2887 883 2941 atque
916 2885 1089 2928 ossibus
1121 2885 1412 2941 articulisque.

1811 184 1866 224 19

234 3040 303 3073 662
330 3047 502 3082 sequere:
521 3038 614 3074 verb.
634 3038 682 3074 It.
757 3042 826 3074 665
848 3038 992 3074 animas
1013 3038 1175 3075 animas:
1202 3040 1293 3074 verb.
1315 3038 1371 3074 Α2
1453 3043 1523 3075 674
1549 3051 1660 3087 opere
1687 3040 1857 3077 animist:

137 3085 232 3122 verb.
258 3085 360 3122 Mar.
461 3088 528 3121 676
560 3085 725 3132 longiter
757 3086 897 3123 Charis.
920 3099 959 3133 p.
986 3089 1060 3123 183
1091 3087 1190 3123 Non.
1213 3099 1252 3132 1).
1280 3090 1351 3122 115
1448 3091 1519 3126 680
1544 3087 1658 3124 solita
1689 3089 1858 3125 animist:

137 3133 232 3169 verb.
259 3133 361 3169 Mar.
460 3135 529 3168 685
556 3133 672 3170 afluat
696 3134 734 3169 B
831 3139 898 3170 691
926 3134 1074 3171 uiscera
1098 3146 1165 3181 per
1190 3146 1323 3170 uenas:
1350 3135 1442 3171 verb.
1470 3135 1526 3170 B²
1617 3140 1686 3172 693
1712 3137 1858 3183 gelida:

137 3181 232 3217 verb.
251 3181 299 3218 It.
321 3202 366 3208 —
394 3192 531 3227 aquae:
558 3182 652 3218 verb.
673 3182 729 3217 Bz

1526 3244 1572 3279 2*
