2092 3438
270 214 296 255 8
659 215 699 251 Τ.
724 215 931 251 LUORETI
956 215 1068 251 CARI
1093 216 1157 252 DE
1182 216 1354 253 RERUM
1380 218 1581 254 NATURA

416 338 493 365 nec
523 326 681 366 temere
711 323 795 366 huo
826 323 948 366 dolor
978 339 1113 380 usque
1144 327 1289 380 potest
1318 329 1541 382 penetrare
1572 343 1710 384 neque
1740 319 1834 372 acre

416 408 666 448 permanare
696 394 876 451 malum,
908 396 1013 450 quin
1043 396 1186 438 omnia
1215 397 1521 452 perturbentur

416 479 552 520 usque
584 464 687 506 adeo
719 467 768 506 ut
798 465 913 508 uitae
944 466 1054 508 desit
1084 467 1204 509 locus
1235 470 1363 523 atque
1394 469 1552 512 animai

270 546 339 577 255
418 535 645 591 diffugiant
676 538 820 591 partes
851 551 927 592 per
957 536 1100 579 caulas
1132 538 1323 593 corporis
1356 540 1506 582 omnis.

417 606 491 647 sed
521 606 771 662 plerumque
801 607 851 649 fit
882 608 929 650 in
953 622 1118 650 summo
1151 609 1274 664 quasi
1305 624 1480 666 corpore
1512 612 1610 654 finis

417 677 626 720 motibus:
658 677 768 720 hanc
800 678 855 720 ob
888 693 977 721 rem
1008 679 1144 721 uitam
1174 680 1358 723 retinere
1390 682 1593 724 ualemus.

475 747 602 791 Nunc
633 763 682 791 ea
714 764 798 805 quo
829 752 955 805 pacto
987 750 1100 792 inter
1132 765 1224 793 sese
1254 752 1391 794 mixta
1423 753 1664 809 quibusque

416 821 587 874 compta
617 820 755 862 modis
787 821 963 877 uigeant
993 821 1205 864 rationem
1235 822 1407 865 reddere
1438 827 1635 867 auentem

270 901 338 932 260
420 890 633 932 abstrahit
663 891 851 934 inuitum
881 892 1013 947 patrii
1045 893 1252 935 sermonis
1285 896 1470 949 egestas:

418 961 491 1004 sed
521 963 683 1019 tamen,
714 964 763 1004 ut
794 965 945 1018 potero
978 963 1225 1006 summatim
1256 965 1487 1022 attingere,
1518 969 1703 1022 tangam.

415 1032 527 1074 inter
558 1033 671 1075 enim
702 1036 876 1076 cursant
905 1034 1139 1089 primordia
1168 1035 1476 1091 principiorum

415 1103 606 1146 motibus
637 1104 750 1146 inter
782 1120 845 1161 se,
873 1105 938 1147 nil
967 1108 1017 1147 ut
1048 1106 1256 1148 secernier
1285 1121 1418 1149 unum

414 1175 554 1229 possit
584 1189 662 1217 nec
695 1176 834 1230 spatio
865 1176 959 1219 fieri
990 1177 1129 1219 diuisa
1158 1180 1370 1235 potestas,

269 1256 338 1288 ⁶265
419 1245 491 1287 sed
524 1247 647 1301 quasi
677 1247 838 1289 multae
869 1248 936 1290 uis
968 1248 1095 1290 unius
1127 1249 1318 1304 corporis
1351 1251 1509 1292 extant.

416 1317 530 1372 quod
561 1331 695 1373 genus
726 1318 773 1359 in
804 1319 958 1374 quouis
990 1319 1257 1362 animantum
1287 1320 1449 1363 uiscere
1479 1321 1609 1378 uolgo

417 1389 482 1430 est
513 1388 618 1430 odor
650 1391 692 1431 et
724 1389 897 1444 quidam
928 1390 1045 1432 color
1076 1392 1119 1432 et
1150 1405 1300 1447 sapor,
1330 1393 1372 1433 et
1403 1393 1548 1434 tamen
1578 1408 1628 1436 ex
1659 1393 1728 1437 his

417 1459 616 1502 omnibus
648 1462 713 1502 est
744 1475 878 1502 unum
908 1461 1143 1516 perfectum
1175 1462 1367 1517 eorporis
1399 1476 1598 1521 augmen3

415 1530 476 1572 sic
507 1531 623 1573 calor
654 1533 782 1587 atque
814 1546 885 1574 aer
916 1535 959 1574 et
989 1533 1110 1575 uenti
1141 1547 1262 1575 caeca
1294 1536 1485 1588 potestas

267 1613 335 1643 270
413 1602 550 1644 mixta
581 1604 726 1644 creant
756 1617 886 1645 unam
914 1606 1132 1661 naturam,
1163 1606 1206 1646 et
1236 1604 1409 1647 mobilis
1440 1606 1516 1648 illa

414 1673 500 1727 uis,
531 1673 687 1715 initum
717 1676 860 1716 motus
892 1674 946 1716 ab
979 1689 1024 1717 se
1055 1690 1164 1730 quae
1195 1675 1349 1717 diuidit
1380 1676 1498 1734 ollis,

415 1744 594 1786 sensifer
624 1744 736 1786 unde
768 1745 906 1787 oritur
936 1746 1124 1800 primum
1155 1761 1231 1801 per
1262 1746 1428 1789 uiscera
1456 1750 1612 1790 motus.

412 1830 513 1857 nam
543 1815 715 1870 penitus
746 1830 946 1870 prorsum
976 1817 1084 1859 latet
1114 1817 1217 1860 haec
1246 1820 1402 1860 natura
1433 1819 1687 1877 subestque,

412 1901 490 1928 nec
519 1886 656 1942 magis
688 1886 767 1929 hac
797 1887 909 1930 infra
940 1888 1213 1943 quicquamst
1243 1889 1290 1930 in
1320 1903 1497 1945 corpore
1526 1893 1696 1949 nostro,

265 1968 333 2000 275
413 1960 543 2013 atque
574 1957 715 2000 am'ma
747 1960 812 2000 est
843 1959 1009 2001 animae
1039 1974 1248 2015 proporro
1280 1960 1416 2003 totius
1448 1962 1552 2017 ipsa.

413 2029 528 2084 quod
558 2042 693 2085 genus
725 2029 771 2071 in
799 2030 962 2072 nostris
994 2030 1197 2073 membris
1229 2034 1272 2073 et
1304 2045 1481 2087 corpore
1512 2035 1607 2076 toto

412 2099 548 2141 mixta
577 2100 716 2142 latens
749 2101 879 2143 animi
910 2101 977 2143 uis
1009 2104 1075 2144 est
1106 2102 1356 2158 animaeque
1386 2106 1598 2162 potestas,

413 2171 664 2225 corporibus
696 2172 797 2226 quia
827 2172 877 2214 de
908 2173 1053 2228 paruis
1084 2173 1315 2228 paucisque
1346 2177 1548 2232 creatast‚

414 2242 475 2283 sic
505 2241 588 2283 tibi
617 2242 804 2285 nominis
834 2243 939 2285 haec
970 2258 1120 2298 expers
1153 2244 1238 2300 uis,
1268 2245 1382 2287 facta
1411 2246 1589 2289 minutis

266 2324 334 2355 280
414 2313 683 2370 corporibus,
713 2313 819 2355 latet
852 2317 980 2369 atque
1011 2315 1176 2357 animae
1208 2316 1332 2370 quasi
1362 2317 1498 2360 totius
1529 2318 1624 2373 ipsa

411 2387 665 2439 proporrost
695 2385 836 2427 anima
867 2388 909 2427 et
940 2385 1182 2428 dominatur
1214 2401 1390 2442 corpore
1421 2390 1526 2430 toto.

412 2455 625 2497 consimili
655 2455 821 2498 ratione
850 2459 1065 2499 necessest
1097 2459 1251 2499 uentus
1284 2461 1326 2500 et
1357 2473 1428 2500 aer

413 2529 455 2568 et
486 2526 601 2567 calor
631 2526 744 2569 inter
775 2541 820 2568 se
850 2527 1026 2583 uigeant
1058 2528 1288 2571 commixta
1317 2543 1393 2584 per
1423 2532 1561 2587 artus,

412 2600 540 2652 atque
572 2597 666 2640 aliis
700 2598 814 2640 aliud
845 2599 984 2640 subsit
1015 2599 1152 2655 magis
1183 2599 1469 2657 emineatque,

264 2679 333 2711 285
411 2670 460 2710 ut
492 2668 691 2723 quiddam
721 2669 814 2711 fieri
846 2669 1040 2712 uideatur
1072 2670 1125 2712 ab
1158 2670 1357 2713 omnibus
1388 2686 1539 2728 unum,

410 2754 463 2781 ne
495 2740 610 2781 calor
641 2755 689 2782 ac
719 2742 873 2782 uentus
905 2755 1097 2783 seorsum
1129 2755 1404 2797 seorsumque
1433 2745 1625 2798 potestas

412 2810 520 2852 aeris
551 2810 807 2853 interemant
838 2826 1010 2854 sensum
1040 2811 1294 2868 diductaque
1325 2813 1506 2856 soluant.
1537 2839 1596 2844 ——

413 2883 478 2922 est
509 2881 636 2922 etiam
667 2882 782 2924 calor
811 2882 884 2925 ille
915 2872 1075 2939 animo,
1107 2898 1232 2938 quem
1263 2884 1412 2940 sumit,
1442 2885 1488 2926 in
1517 2885 1581 2927 ira

410 2966 506 2993 cum
535 2952 735 2995 feruescit
765 2956 809 2996 et
839 2968 890 2995 ex
922 2953 1054 2995 oculis
1085 2953 1215 2996 micat
1246 2954 1414 2996 acribus
1446 2955 1589 3012 ardor3

359 3083 426 3114 254
452 3081 494 3114 ut
518 3091 588 3126 cry.
609 3080 736 3116 Lamb.
757 3103 802 3107 -
829 3081 991 3117 animae:
1016 3082 1109 3116 verb.
1130 3081 1185 3116 B²
1259 3086 1328 3117 255
1354 3082 1514 3118 culuias:
1541 3085 1632 3119 verb.
1654 3083 1710 3119 B²
1778 3088 1846 3120 257
1871 3085 1969 3121 reti--

263 3138 410 3162 nemus:
431 3128 522 3162 verb.
537 3127 592 3162 Α2
661 3132 728 3163 266
742 3128 885 3164 uiscere
899 3130 950 3164 B:
970 3128 1088 3163 visere
1101 3129 1136 3164 A
1147 3129 1177 3164 G
1241 3133 1307 3164 267
1324 3129 1423 3164 color
1435 3130 1582 3166 Lamb.:
1603 3131 1705 3166 calor
1762 3135 1830 3166 2⁷2
1844 3132 1960 3168 sensi-

262 3174 375 3210 ferer:
401 3175 493 3209 verb.
513 3174 568 3209 ΑΞ
652 3178 720 3210 289
746 3176 932 3211 feruescat
952 3177 987 3211 A
1013 3177 1090 3211 -cet
1107 3175 1222 3212 A²B2
1247 3177 1339 3212 verb.
1358 3178 1406 3213 It..
1426 3198 1472 3203 —
1498 3178 1645 3214 acribus
1664 3179 1810 3215 Lamb.:
1837 3179 1958 3215 acrius
