2092 3438
275 221 333 263 24
664 220 703 255 T.
730 218 936 255 LUCRETI
961 220 1072 256 CARI
1096 220 1160 256 DE
1186 221 1357 257 RERUM
1382 221 1583 257 NATURA

426 332 553 385 atque
584 328 740 371 iterum
769 328 897 372 nobis
927 329 1089 372 fuerint
1121 329 1221 372 data
1250 329 1415 372 lumina
1444 330 1576 387 vitae,

278 411 346 443 850
424 400 636 456 pertineat
668 399 895 455 quicquam
925 402 1069 443 tamen
1100 400 1152 442 ad
1181 415 1260 443 nos
1291 400 1336 443 id
1367 415 1536 457 quoque
1567 401 1747 458 factum,

425 471 666 526 interrupta
698 470 828 513 semel
858 485 954 513 cum
986 472 1043 513 sit
1073 471 1310 527 repetentia
1340 471 1490 514 nostri.

427 544 469 583 et
499 556 611 583 nunc
640 541 704 583 nil
735 541 787 583 ad
816 555 896 584 nos
928 541 978 584 de
1007 542 1134 584 nobis
1166 542 1340 599 attinet,
1370 545 1468 584 ante

427 613 501 668 qui
531 612 710 669 fuimus,
739 627 876 668 neque
907 613 992 655 iam
1023 613 1073 655 de
1103 613 1190 655 iffis
1221 627 1300 655 nos
1333 613 1475 655 adficit
1507 627 1650 671 angor.

425 699 526 725 nam
556 698 653 725 cum
682 684 884 739 respicias
914 683 1096 725 inmensi
1127 683 1332 738 temporis
1365 698 1489 726 omne

279 767 347 799 855
426 755 705 810 praeteritum
737 755 942 811 spatium,
972 757 1066 796 tum
1095 756 1239 796 motus
1271 754 1466 796 materiai

427 825 692 867 multimodis
725 840 853 881 quam
884 826 989 881 sint,
1019 825 1143 868 facile
1173 825 1254 867 hoc
1287 825 1504 868 adcredere
1535 827 1696 883 possis,

428 897 589 939 semina
620 911 745 953 saepe
775 898 822 939 in
852 896 1016 954 eodem,
1046 899 1097 938 ut
1126 910 1240 938 nunc
1271 899 1391 954 sunt,
1423 897 1568 939 ordine
1599 901 1724 953 posta

280 979 349 1011 865
427 967 533 1010 haec
563 967 726 1025 eadem,
750 967 913 1023 'quibus
945 982 967 1010 e
996 982 1110 1010 nunc
1139 981 1219 1009 nos
1252 982 1418 1024 sumus,
1449 970 1547 1010 ante
1575 969 1725 1012 fuisse:

215 1076 220 1082 .
282 1051 350 1083 858
428 1054 506 1081 nec
536 1039 714 1081 memori
744 1041 889 1081 tamen
919 1039 962 1080 id
994 1038 1164 1094 quimus
1195 1038 1499 1093 reprehendere
1530 1042 1688 1082 mente:

429 1111 542 1153 inter
575 1110 688 1152 enim
717 1110 871 1152 iectast
902 1110 1009 1152 uitai
1039 1124 1192 1166 pausa,
1221 1123 1414 1165 uageque

282 1194 351 1225 860
430 1182 678 1224 deerrarunt
710 1181 869 1236 passim
899 1183 1044 1223 motus
1077 1180 1129 1222 ab
1163 1180 1359 1222 sensibus
1391 1195 1549 1223 omnes.

428 1253 553 1295 debet
585 1252 697 1294 enim
704 1287 715 1309 ,
745 1252 897 1294 misere
930 1252 966 1293 si
996 1251 1109 1293 forte
1140 1265 1349 1307 aegreque
1378 1252 1633 1310 futurumst,

428 1324 520 1379 ipse
552 1338 722 1378 quoque
754 1337 846 1365 esse
874 1323 922 1365 in
952 1337 1001 1364 eo
1035 1325 1128 1364 tum
1158 1324 1370 1380 tempore,
1401 1323 1468 1365 cui
1499 1323 1609 1366 male
1638 1324 1778 1379 possit

429 1394 630 1437 accidere:
662 1394 706 1436 id
738 1395 941 1449 quoniam
972 1408 1088 1436 mors
1120 1393 1288 1451 eximit,
1319 1408 1496 1450 esseque
1526 1394 1680 1450 probet

427 1466 550 1508 illum
581 1465 650 1507 cui
678 1465 849 1520 possint
878 1465 1147 1508 incommoda
1178 1465 1416 1521 conciliari,

280 1549 348 1580 866
429 1537 536 1579 scire
566 1536 666 1578 licet
697 1536 823 1578 nobis
854 1536 918 1578 nil
949 1550 1040 1579 esse
1070 1536 1116 1578 in
1145 1538 1284 1578 morte
1315 1536 1567 1592 timendum,

426 1622 503 1650 nec
534 1608 738 1649 miserum
768 1607 862 1650 fieri
893 1607 967 1662 qui
997 1621 1086 1649 non
1116 1609 1181 1649 est
1211 1621 1354 1663 posse,
1383 1622 1522 1663 neque
1552 1607 1690 1651 hilum

428 1678 596 1720 differre
627 1693 683 1720 an
711 1678 832 1721 nullo
863 1679 993 1720 fuerit
1024 1678 1110 1720 iam
1140 1681 1332 1733 tempore
1362 1681 1508 1735 natus,

427 1750 654 1792 mortalem
685 1750 820 1792 uitam
851 1765 968 1792 mors
1000 1764 1096 1792 cum
1127 1749 1370 1792 inmortalis
1402 1749 1570 1792 ademit.

280 1834 349 1865 870
487 1821 670 1864 Proinde
702 1821 777 1862 ubi
809 1835 852 1863 se
884 1821 1029 1863 uideas
1059 1821 1277 1863 hominem
1306 1821 1570 1877 indignarier
1599 1822 1759 1878 ipsum,

427 1895 528 1947 post
558 1894 742 1934 mortem
773 1892 864 1934 fore
896 1894 945 1934 ut
975 1894 1050 1933 aut
1081 1894 1276 1947 putescat
1308 1906 1486 1948 corpore
1516 1894 1643 1948 posto

427 1966 502 2005 aut
533 1963 717 2005 flammis
749 1963 938 2005 interfiat
968 1963 1148 2005 mah'sue
1178 1963 1385 2020 ferarum,

429 2034 537 2077 scire
567 2034 668 2076 licet
698 2049 786 2076 non
817 2034 1028 2076 sincerum
1060 2048 1227 2091 sonere,
1259 2036 1387 2090 atque
1419 2034 1593 2077 subesse

429 2120 598 2148 caecum
628 2105 815 2161 aliquem
846 2105 961 2147 cordi
994 2104 1233 2161 stimulum,
1266 2105 1461 2160 quamuis
1491 2108 1619 2162 neget
1649 2106 1739 2161 ipse

280 2188 349 2220 875
429 2177 596 2219 credere
628 2191 672 2218 se
705 2191 961 2232 quemquam
992 2177 1076 2219 sibi
1108 2191 1280 2219 sensum
1310 2176 1356 2219 in
1386 2179 1524 2219 morte
1553 2177 1767 2220 futurum:

427 2263 532 2304 non,
564 2250 611 2290 ut
644 2248 815 2305 opinor,
845 2248 959 2290 enim
989 2248 1062 2290 dat
1093 2247 1207 2303 quod
1237 2248 1455 2303 promittit
1486 2250 1529 2290 et
1560 2248 1688 2304 unde,

428 2334 506 2362 nec
536 2319 740 2361 radicitus
772 2334 794 2360 e
825 2319 917 2361 uita
948 2333 992 2360 se
1023 2318 1140 2361 tollit
1172 2321 1214 2360 et
1246 2318 1361 2374 eicit,

431 2390 504 2432 sed
534 2390 637 2432 facit
669 2405 758 2432 esse
790 2390 857 2432 sui
889 2390 1090 2445 quiddam
1121 2404 1249 2445 super
1279 2389 1438 2432 inscius
1470 2390 1571 2445 ipse.

429 2461 554 2504 uiuos
587 2458 699 2503 enim
732 2461 815 2503 sibi
846 2475 942 2503 cum
973 2460 1176 2516 proponit
1209 2461 1388 2516 quisque
1419 2461 1631 2518 futurum,

282 2543 352 2574 880
431 2547 584 2587 corpus
616 2532 680 2574 uti
712 2532 907 2574 uolucres
936 2532 1122 2574 lacerent
1153 2531 1198 2573 in
1229 2534 1367 2574 morte
1399 2532 1615 2588 feraeque,

428 2603 519 2658 ipse
551 2603 618 2645 sui
649 2603 837 2646 miseret:
867 2617 1006 2658 neque
1037 2603 1150 2644 enim
1181 2617 1225 2645 se
1256 2602 1410 2645 diuidit
1440 2602 1572 2658 illim,

429 2689 506 2716 nec
536 2677 728 2717 remouet
760 2674 864 2716 satis
897 2689 921 2716 a
950 2674 1140 2729 proiecto
1173 2688 1351 2729 corpore
1382 2676 1424 2716 et
1455 2673 1581 2715 illum

430 2760 473 2787 se
503 2746 630 2802 fingit
662 2760 873 2800 sensuque
904 2759 982 2787 suo
1014 2745 1276 2787 contaminat
1308 2747 1472 2787 astans:

377 2900 443 2931 851
470 2896 680 2942 repetentia
704 2897 740 2931 Β
777 2896 947 2942 repentia
971 2897 1046 2932 AC
1068 2918 1113 2922 —
1139 2896 1291 2932 nostris:
1328 2897 1420 2932 verb.
1441 2896 1534 2932 Pius
1629 2899 1698 2932 852
1724 2897 1777 2932 et:
1809 2897 1901 2932 viell.
1929 2898 1980 2932 ut.

220 2957 221 2961 ¹
283 2948 351 2979 853
382 2944 521 2979 fumus:
560 2945 651 2979 verb.
684 2945 730 2980 It.
770 2966 813 2969 —
851 2955 971 2988 neque
1003 2955 1071 2989 ery.
1099 2944 1247 2978 Lachm.
1281 2945 1362 2989 (nec
1395 2943 1509 2989 Mar.)
1548 2965 1592 2968 —
1631 2943 1778 2989 adfigit:
1815 2944 1907 2979 verb.
1933 2945 1980 2979 It.

284 2995 351 3026 856
376 2990 605 3026 multimodi:
631 2992 722 3027 verb.
743 2993 789 3027 It.
888 2995 955 3026 865
980 2992 1176 3037 umyestellt
1200 2991 1348 3026 Laehm.
1445 2994 1512 3025 861
1538 2990 1724 3026 miserest:
1755 2991 1846 3026 verb.
1874 2991 1979 3026 Pont.

283 3042 351 3073 863
370 3050 468 3073 mors
483 3038 553 3073 B2:
573 3049 653 3073 mos
667 3039 703 3073 Β
721 3050 806 3073 mox
819 3039 854 3073 A
868 3060 913 3074 -τ-
925 3037 1099 3084 prohibe:
1119 3039 1211 3073 verb.
1225 3038 1372 3073 Laebm.
1447 3041 1515 3072 868
1542 3049 1590 3072 an
1614 3038 1717 3073 nullo
1736 3039 1801 3073 It.:
1829 3037 1981 3073 annullo

284 3086 421 3131 (yetilyt
444 3085 513 3130 ΑΞ)
539 3085 664 3120 anullo
685 3086 719 3120 A
746 3085 872 3120 anullo
899 3085 1024 3120 anullo
1044 3086 1080 3120 B
1153 3088 1219 3120 871
1246 3085 1371 3130 putes:
1399 3086 1490 3119 verb.
1511 3085 1579 3120 Av.
1654 3089 1722 3120 873
1747 3083 1981 3120 nosincerum

283 3133 371 3168 AN
391 3144 458 3167 nos
484 3132 668 3167 sincerum
688 3133 740 3167 B:
765 3134 855 3168 verb.
877 3132 932 3167 Β2
1015 3135 1082 3167 877
1110 3131 1321 3167 radicitius:
1348 3133 1439 3167 verb.
1459 3133 1506 3167 It.
1592 3135 1662 3167 880
1681 3131 1862 3167 iacerent:
1887 3132 1979 3167 verb.

284 3180 386 3215 Nice.
485 3182 550 3214 881
579 3179 676 3214 illim
700 3180 735 3214 A
767 3179 874 3215 illum
899 3180 988 3215 BN
