2092 3438
0 1061 8 1092 ,1

0 1125 8 1164 ’ἓ

0 1173 8 1198 r

0 1253 2 1266 1

751 172 897 208 mana
921 172 1139 208 1111111118.
1746 172 1804 214 29

231 296 280 326 ac
309 281 491 339 pedibus
523 281 659 325 salsas
690 282 837 325 docuit
868 296 996 338 super
1027 282 1090 325 ire
1119 282 1294 324 lacunas

231 357 275 397 et
305 354 536 398 contemsit
567 354 690 410 equis
720 353 937 396 insultans
967 368 1190 396 murmura
1221 354 1366 411 ponti,

232 425 397 469 lumine
427 425 627 481 adempto
659 425 848 468 animam
878 424 1136 468 moribundo
1169 439 1348 480 corpore
1378 425 1501 468 fudit.

232 495 473 555 Scipiadas,
502 496 607 540 belli
638 496 820 555 fulmen,
850 495 1129 554 Carthaginis
1159 496 1316 539 horror
1322 533 1334 555 ,

231 583 330 612 ossa
361 569 478 612 dedit
508 571 650 612 terrae
680 568 859 624 proinde
891 582 940 611 ac
970 568 1106 611 famul
1136 568 1311 611 infimus
1343 571 1468 612 esset.

229 640 336 684 adde
365 643 607 698 repertores
639 639 933 683 doctrinarum
965 642 1094 696 atque
1123 639 1339 697 leporum,

232 711 337 756 adde
367 711 699 755 Heliconiadum
730 711 929 768 comites3
962 726 1146 767 quorum
1177 726 1289 754 unus
1322 711 1539 755 Homerus

229 786 400 840 sceptra
429 783 598 840 potitus
629 783 776 827 eadem
807 783 905 826 aliis
938 783 1107 839 sopitus
1141 779 1339 840 quietest.

201 850 408 912 ‘denique
438 854 734 912 Democritus,
764 857 998 911 postquam
1028 857 1201 898 matura
1231 858 1428 899 uetustas

228 927 451 971 admonuit
480 941 692 971 memores
721 929 868 969 motus
898 926 1176 984 languescere
1207 928 1384 986 mentis,

228 1001 383 1056 sponte
415 1013 494 1042 sua
523 999 613 1042 leto
645 1001 775 1055 caput
809 998 967 1042 obuius
999 999 1161 1055 optulit
1195 999 1297 1056 ipse.

224 1071 318 1128 ipse
347 1070 564 1128 Epicurus
596 1071 691 1114 obit
721 1070 900 1113 decurso
931 1071 1095 1114 lumine
1125 1071 1262 1130 uitae,

227 1143 304 1200 qui
333 1157 470 1201 genus
500 1143 740 1186 humanum
770 1142 945 1200 ingenio
978 1144 1201 1199 superauit
1233 1147 1276 1187 et
1308 1145 1448 1187 omnis

224 1214 471 1274 restincxit,
501 1214 649 1258 stellas
682 1217 858 1258 exortus
889 1217 940 1258 ut
971 1215 1188 1258 aetherius
1221 1216 1299 1259 sol.

0 1286 10 1331 Ξ
81 1297 174 1331 1045
229 1289 281 1330 tu
311 1301 413 1330 vero
443 1286 665 1330 dubitabis
696 1289 740 1329 et
770 1286 1050 1344 indignabere
1083 1287 1232 1331 obire?

224 1361 399 1402 mortua
427 1358 498 1402 cui
527 1359 664 1402 uitast
694 1373 830 1415 prope
860 1359 948 1402 iam
978 1359 1082 1403 uiuo
1114 1362 1244 1417 atque
1275 1361 1461 1421 uidenti,

225 1430 301 1487 qui
333 1445 486 1474 somno
517 1433 688 1487 partem
717 1431 924 1474 maiorem
955 1432 1144 1475 conteris
1177 1434 1292 1491 aeui,

224 1505 268 1546 et
299 1502 486 1560 vigilans
517 1503 666 1546 stertis
697 1517 777 1546 nec
808 1503 977 1546 somnia
1007 1518 1178 1547 cernere
1209 1519 1369 1563 cessas,

225 1573 544 1631 sollicitamque
575 1575 689 1632 geris
722 1589 844 1618 cassa
873 1575 1104 1618 formidine
1134 1579 1345 1635 mentem,

77 1657 170 1690 1060
223 1661 302 1690 nec
332 1646 519 1704 reperire
549 1649 675 1702 potes
707 1646 792 1689 tibi
824 1647 928 1703 quid
959 1647 1018 1690 sit
1050 1662 1177 1704 saepe
1208 1649 1331 1708 mali,
1361 1664 1458 1692 cum

224 1719 370 1763 ebrius
401 1718 571 1776 urgeris
602 1718 755 1762 multis
785 1719 918 1762 miser
948 1719 1138 1776 undique
1169 1721 1283 1764 curis

224 1793 355 1848 atque
385 1790 518 1834 animi
548 1791 715 1834 incerto
747 1790 924 1834 fluitans
957 1805 1101 1834 errore
1132 1793 1335 1850 uagaris?

283 1861 332 1906 Si
361 1864 541 1919 possent
569 1862 787 1920 homines,
816 1863 997 1919 proinde
1028 1877 1078 1906 ac
1109 1865 1268 1907 sentire
1300 1866 1503 1909 uidentur

221 1934 392 1993 pondus
421 1934 563 1978 inesse
593 1935 757 1992 anime,
789 1934 905 1991 quod
936 1949 981 1977 se
1012 1935 1230 1992 grauitate
1261 1937 1436 1997 fatiget,

75 2018 168 2051 1055
223 2022 247 2050 e
277 2006 437 2064 quibus
467 2006 512 2049 id
541 2006 620 2049 fiat
651 2006 792 2050 causis
824 2021 996 2063 quoque
1026 2021 1204 2051 noscere
1235 2011 1278 2051 et
1310 2010 1422 2053 unde

223 2080 348 2122 tanta
377 2078 482 2122 mali
511 2081 736 2135 tamquam
765 2078 902 2121 moles
933 2078 981 2121 111
1010 2081 1184 2134 pectore
1215 2084 1403 2139 constet,

221 2150 331 2194 haut
360 2150 425 2194 ita
454 2150 593 2193 uitam
623 2153 819 2209 agerent,
849 2153 898 2193 ut
929 2165 1044 2194 nunc
1073 2151 1327 2209 plerumque
1357 2154 1553 2198 uidemus

223 2222 328 2280 quid
359 2222 445 2265 sibi
475 2222 659 2279 quisque
690 2222 798 2265 uelit
827 2223 1011 2281 nescire,
1041 2226 1085 2266 et
1117 2238 1320 2280 quaerere
1353 2240 1521 2282 semper

222 2296 487 2340 commutare
516 2294 679 2353 locum,
710 2295 836 2351 quasi
867 2309 976 2337 onus
1008 2294 1219 2351 deponere
1249 2298 1408 2353 possit:

74 2376 167 2410 1060
221 2366 312 2410 exit
343 2381 469 2423 saepe
498 2366 616 2410 foras
647 2367 818 2425 magnis
849 2381 901 2410 01
932 2367 1110 2410 aedibus
1141 2368 1234 2426 ille,

222 2452 316 2482 0880
346 2437 463 2482 domi
494 2453 623 2495 quem
653 2441 960 2497 pertaesumst,
992 2440 1224 2497 subitoque
1254 2442 1455 2500 reuertit,

223 2510 383 2567 quippe
412 2509 521 2553 foris
551 2510 643 2554 nilo
674 2511 829 2554 melius
862 2511 937 2567 qui
970 2511 1130 2555 sentiat
1160 2527 1264 2556 0880.

222 2582 359 2626 currit
390 2596 522 2639 agens
553 2597 736 2626 mannos
768 2583 822 2626 ad
852 2583 1004 2626 uillam
1034 2585 1385 2644 praecipitanter,

223 2653 434 2697 auxilium
463 2654 590 2697 tectis
622 2654 747 2711 quasi
777 2655 888 2697 ferre
920 2655 1170 2700 ardentibus
1201 2657 1387 2700 instans:

74 2735 167 2768 1065
222 2724 380 2767 oscitat
410 2726 645 2784 extemplo,
675 2726 824 2784 tetigit
855 2741 952 2770 cum
982 2727 1134 2771 limina
1165 2729 1314 2787 uillae,

222 2798 298 2839 aut
329 2795 421 2839 abit
452 2797 500 2839 in
530 2811 729 2840 somnum
759 2799 907 2856 grauis
939 2801 1068 2855 atque
1100 2800 1265 2843 obliuia
1297 2802 1485 2861 quaerit,

170 2928 262 2961 1031
288 2925 447 2962 lucunas
471 2926 554 2962 AB
578 2927 655 2963 lac-
681 2928 736 2963 B¹
829 2932 920 2964 1032
946 2928 1151 2966 insuitans:
1177 2931 1270 2967 verb.
1291 2931 1348 2966 B'
1440 2936 1532 2969 1033
1558 2933 1673 2981 fugit:
1699 2936 1793 2971 verb.

73 2973 182 3012 Pom.
203 2973 307 3010 Mar
407 2977 500 3009 1038
530 2974 674 3021 potius:
712 2976 805 3012 verb.
826 2977 873 3012 It
975 2981 1066 3012 1039
1097 2977 1333 3015 Democritus
1359 2980 1498 3017 Bentla
1538 2947 1795 3018 Democritum

75 3024 167 3076 104?
193 3021 275 3058 obit
292 3023 358 3058 It.:
386 3020 483 3057 obiit
551 3026 643 3059 1044
662 3023 874 3060 restincxit.
901 3035 940 3061 so
959 3026 995 3060 A
1009 3047 1054 3051 —
1076 3026 1266 3062 aetherius
1279 3028 1452 3064 Laetam.
1473 3030 1556 3066 inst.
1571 3031 1646 3066 III
1654 3034 1714 3075 17
1726 3034 1793 3067 23.

74 3068 197 3105 aerius
296 3073 390 3105 1050
414 3071 541 3116 potest
565 3070 621 3106 ibi
646 3071 747 3116 quod
773 3071 839 3108 sit:
871 3073 965 3108 verb
985 3073 1135 3110 Lachm.
1243 3078 1334 3110 1052
1368 3075 1510 3113 animo:
1543 3079 1636 3114 verb.
1664 3078 1793 3114 Lamb.

74 3119 166 3153 1061
194 3117 296 3154 domi
314 3128 382 3164 per
401 3128 530 3162 quem.
555 3119 648 3154 verb.
670 3120 717 3156 It.
740 3141 784 3146 --
804 3120 963 3156 reuertit
987 3133 1058 3168 ery.
1080 3122 1248 3158 Politian
1317 3127 1409 3159 1063
1429 3125 1673 3172 praecipiter:
1699 3127 1793 3163 verb.

72 3165 178 3203 Nice.
278 3169 372 3201 1064
396 3164 533 3202 instas.
560 3167 643 3203 verb
661 3167 719 3203 B²
