2092 3438
278 226 337 268 20
668 226 708 261 T.
734 224 940 261 LUCRETI
965 225 1076 261 CARI
1101 225 1164 260 DE
1190 224 1363 260 RERUM
1388 224 1589 260 NATURA

426 333 540 389 quod
571 334 607 376 si
638 334 750 377 forte
779 336 906 390 putas
937 333 1199 376 extrinsecus
1228 333 1490 376 insinuatam

424 419 670 460 permanare
702 405 886 448 animam
916 405 1042 448 nobis
1073 420 1149 461 per
1178 405 1368 447 membra
1400 405 1554 461 solere,

279 486 347 518 700
424 478 547 518 tanto
580 476 738 531 quique
767 476 904 532 magis
934 490 1030 518 cum
1062 490 1238 531 corpore
1267 475 1363 517 fusa
1386 476 1562 531 peribit:

425 547 538 602 quod
568 549 789 602 permanat
819 547 951 604 enim,
981 547 1251 604 dissoluitur⁷
1281 547 1430 589 interit
1460 561 1580 603 ergo:

424 618 675 673 dispertitur
707 618 819 660 enim
849 633 926 674 per
956 618 1098 661 caulas
1130 618 1320 673 corporis
1353 618 1502 660 omnis.

422 692 472 731 ut
503 689 643 746 cibus,
673 690 719 731 in
748 689 939 732 membra
969 691 1098 744 atque
1129 691 1248 731 artus
1279 703 1376 730 cum
1406 687 1566 730 diditur
1597 688 1756 745 omnis,

424 759 602 815 disperit
633 763 762 815 atque
793 760 921 802 aliam
949 762 1149 802 naturam
1181 758 1340 801 sufficit
1370 773 1422 800 ex
1453 774 1516 816 se,

277 841 343 873 705
423 831 484 873 sic
514 831 657 874 anima
687 834 815 887 atque
846 831 1032 887 animus,
1064 829 1260 886 quamuis
1291 829 1461 886 integra
1491 844 1635 872 recens
1666 830 1712 872 in

423 917 577 958 corpus
609 905 730 960 eunt,
759 906 903 945 tamen
931 902 978 944 in
1007 901 1216 944 manando
1248 901 1562 958 dissoluuntur,

422 973 523 1015 dum
555 974 677 1029 quasi
707 985 783 1029 per
813 973 955 1016 caulas
986 973 1124 1015 omnis
1156 972 1360 1014 diduntur
1389 972 1434 1014 in
1466 974 1585 1014 artus

422 1045 655 1100 particulae
687 1044 843 1100 quibus
873 1044 978 1087 haec
1010 1043 1140 1086 animi
1169 1045 1324 1085 natura
1355 1045 1541 1100 creatur,

424 1130 531 1170 quae
561 1130 675 1158 nunc
705 1115 752 1158 in
779 1118 930 1158 nostro
963 1114 1208 1157 dominatur
1239 1129 1414 1170 corpore
1444 1116 1546 1156 nata

276 1197 344 1229 710
423 1202 475 1228 ex
505 1187 580 1229 illa
612 1201 719 1242 quae
749 1189 843 1229 tum
872 1186 1001 1242 periit
1031 1185 1192 1245 partita
1222 1200 1298 1240 per
1328 1188 1458 1228 artus.

423 1261 683 1314 quapropter
713 1272 851 1314 neque
879 1257 1015 1300 natali
1046 1257 1216 1312 priuata
1245 1256 1416 1298 uidetur

428 1345 520 1372 esse
551 1330 617 1372 die
647 1332 803 1371 natura
833 1329 999 1371 animae
1028 1342 1105 1370 nec
1134 1327 1297 1370 funeris
1329 1341 1490 1383 expers.

481 1400 651 1444 Semina
681 1403 900 1456 praeterea
929 1399 1202 1455 linquontur,
1231 1413 1380 1455 necne,
1411 1398 1568 1441 animai

420 1487 597 1528 corpore
626 1473 671 1514 in
703 1471 928 1514 exanimo?
977 1470 1092 1526 quod
1123 1470 1159 1512 si
1189 1469 1410 1512 lincuntur
1440 1472 1484 1512 et
1514 1469 1680 1526 insunt,

275 1555 342 1587 715
420 1543 526 1586 haut
558 1544 639 1586 erit
669 1546 718 1585 ut
748 1543 901 1585 merito
932 1541 1174 1583 inmortalis
1205 1540 1345 1596 possit
1375 1540 1542 1598 haberi,

420 1615 617 1671 partibus
648 1614 818 1657 amissis
850 1613 1052 1669 quoniam
1082 1612 1218 1654 libata
1247 1612 1440 1654 recessit:

421 1687 488 1729 sin
518 1687 580 1729 ita
606 1687 769 1729 sincera
800 1700 823 1727 e
853 1684 1056 1726 membris
1088 1683 1231 1725 ablata
1261 1683 1473 1741 profugit,

419 1760 468 1799 ut
498 1758 638 1800 nullas
669 1757 804 1813 partis
836 1756 882 1798 in
912 1769 1089 1811 corpore
1118 1753 1294 1810 liquerit
1319 1769 1370 1796 ex
1402 1769 1465 1811 se,

420 1829 532 1872 unde
562 1829 767 1871 cadauera
796 1827 989 1870 rancenti
1019 1826 1104 1868 iam
1134 1826 1297 1868 uiscere
1326 1839 1492 1868 uermes

274 1912 341 1943 720
421 1900 635 1958 expirant,
665 1903 794 1956 atque
824 1898 935 1942 unde
966 1897 1230 1939 animantum
1261 1897 1384 1952 copia
1413 1899 1534 1939 tanta

420 1987 520 2014 exos
553 1975 595 2014 et
626 1970 854 2027 exsanguis
885 1968 1072 2011 tumidos
1102 1967 1358 2023 perfluctuat
1389 1967 1537 2010 artus‘?

421 2043 535 2099 quod
565 2042 603 2085 si
632 2042 744 2084 forte
774 2041 937 2083 animas
969 2040 1231 2082 extrinsecus
1265 2039 1474 2081 insinuari

420 2114 637 2156 uermibus
669 2115 711 2155 et
741 2112 887 2168 priuas
919 2111 966 2153 in
995 2125 1173 2166 corpora
1203 2125 1329 2166 posse
1358 2110 1504 2153 uenire

420 2185 554 2228 credis
585 2199 662 2227 nec
691 2187 864 2240 reputas
896 2197 970 2225 cur
999 2182 1118 2224 milia
1148 2181 1286 2224 multa
1316 2181 1552 2230 animarum

275 2268 342 2299 725
421 2256 678 2299 conueniant
708 2254 820 2297 unde
851 2269 935 2296 una
965 2253 1205 2309 recesserit,
1235 2252 1317 2295 hoc
1346 2255 1490 2295 tamen
1519 2254 1585 2295 est
1614 2254 1664 2294 ut

421 2327 707 2383 quaerendum
737 2325 934 2368 uideatur
964 2327 1008 2367 et
1038 2325 1084 2366 in
1114 2324 1339 2366 discrimen
1369 2323 1597 2380 agendum,

419 2401 565 2440 utrum
596 2397 768 2440 tandem
799 2397 964 2439 animae
995 2397 1206 2438 uenentur
1238 2394 1398 2437 semina
1430 2409 1620 2450 quaeque

419 2469 750 2512 uermiculorum
781 2468 983 2523 ipsaeque
1013 2466 1097 2509 sibi
1127 2466 1390 2508 fabricentur
1419 2465 1495 2507 ubi
1527 2465 1632 2522 sint,

420 2556 474 2583 an
505 2540 628 2597 quasi
658 2539 908 2595 corporibus
939 2538 1138 2593 perfectis
1170 2537 1451 2579 insinuentur.

274 2624 340 2655 730
419 2615 464 2654 at
493 2627 630 2667 neque
661 2626 735 2654 cur
765 2610 923 2653 faciant
953 2609 1071 2664 ipsae
1102 2623 1186 2664 qua
1217 2622 1315 2650 reue
1344 2607 1541 2650 laborent

419 2684 555 2726 dicere
587 2682 841 2738 suppeditat.
901 2694 1038 2735 neque
1069 2680 1200 2735 enim,
1232 2679 1323 2721 sine
1353 2693 1530 2734 corpore
1560 2692 1656 2720 cum
1688 2679 1807 2734 sunt,

420 2754 626 2796 sollicitae
656 2754 842 2796 uolitant
871 2751 1035 2794 morbis
1067 2750 1251 2806 alguque
1281 2749 1493 2804 fameque:

418 2839 572 2880 corpus
604 2824 717 2866 enim
748 2823 885 2880 magis
915 2822 984 2864 his
1015 2820 1134 2879 uitiis
1166 2820 1303 2862 adfine
1332 2819 1502 2862 laborat
1508 2854 1520 2876 ‚

419 2898 461 2938 et
492 2895 604 2937 mala
633 2895 769 2937 multa
800 2894 966 2936 animus
997 2893 1176 2947 contage
1206 2891 1402 2947 fungitur
1434 2890 1534 2932 eius.

275 2977 340 3009 735
422 2966 494 3008 sed
524 2968 668 3008 tamen
697 2965 766 3007 his
799 2967 890 3007 esto
924 2962 1119 3019 quamuis
1150 2962 1287 3003 facere
1316 2961 1422 3003 utile
1453 2976 1606 3016 corpus

366 3050 433 3081 702
454 3046 553 3081 enim
565 3048 629 3082 Ia:
651 3058 738 3093 ergo
807 3050 874 3081 705
894 3043 1062 3089 quamvis
1082 3044 1154 3078 est:
1174 3043 1266 3078 verb
1282 3043 1383 3077 Mar.
1398 3041 1497 3076 ——in
1509 3053 1580 3089 ery.
1595 3042 1696 3077 Mar
1771 3044 1840 3076 710
1854 3042 1962 3077 tunc:

271 3095 361 3130 verb
379 3095 426 3130 It
501 3098 566 3129 717
589 3094 733 3129 sincera
753 3106 797 3129 ex
816 3093 954 3128 Faber:
981 3089 1134 3125 sinceris
1208 3093 1275 3124 718
1294 3091 1337 3124 ut
1354 3091 1419 3125 It.:
1446 3091 1484 3124 et
1559 3093 1626 3124 719
1646 3088 1785 3124 uicere:
1804 3089 1896 3125 verb.
1916 3089 1963 3124 It.

272 3145 339 3176 723
365 3141 492 3187 prinas
517 3141 556 3176 in
581 3141 651 3176 B2:
683 3141 825 3187 priuasi
851 3161 895 3166 —
921 3149 1073 3184 corpore
1098 3138 1133 3171 A
1255 3140 1322 3171 732
1355 3136 1580 3172 sollicitatae
1605 3137 1641 3171 A
1666 3157 1711 3162 —
1743 3135 1831 3181 algu
1864 3136 1964 3172 Non.

266 3201 304 3234 p.
326 3191 390 3225 ¹72:
418 3188 503 3234 algo
