2092 3438
130 494 200 528 140

0 271 16 337 5.

0 339 17 400 Ξ,

0 396 11 441 ί]

0 437 9 468 b

0 487 7 523 '5

0 591 5 626 ἰ

122 1213 192 1245 150

119 1573 190 1606 155

118 1934 188 1968 160

119 2296 188 2329 165

114 2656 183 2689 170

113 3015 181 3047 175

797 229 943 266 LIBER
966 230 1184 266 TERTIUS.
1823 232 1852 274 5

278 339 353 383 sed
384 342 515 396 caput
545 354 639 383 esse
671 340 797 396 quasi
829 343 872 382 et
903 339 1117 383 dominari
1148 340 1195 382 in
1226 355 1405 396 corpore
1438 343 1533 384 toto

279 411 530 468 consilium,
562 410 678 468 quod
707 426 789 455 nos
822 412 1014 454 animum
1044 414 1319 468 mentemque
1350 427 1565 456 uocamus.

278 483 409 540 idque
441 483 575 526 situm
604 483 746 526 media
776 483 953 541 regione
983 483 1031 526 in
1061 484 1249 539 pectoris
1279 484 1440 528 haeret.

276 555 349 599 hic
379 555 547 600 exultat
578 556 693 599 enim
723 570 860 612 pauor
891 570 940 599 ac
970 558 1132 613 metus,
1161 555 1268 598 haec
1298 556 1394 599 loca
1426 557 1587 600 circum

277 627 469 671 laetitiae
499 627 709 671 mulcent:
739 627 812 670 hic
843 642 947 685 ergo
979 642 1100 670 mens
1133 628 1444 684 animusquest.

274 702 416 743 cetera
439 714 541 756 pars
573 699 740 743 animae
770 714 847 756 per
878 701 1022 743 totum
1053 699 1208 743 dissita
1237 714 1394 756 corpus

273 773 397 828 paret
426 773 470 814 et
501 772 554 815 ad
583 786 745 815 numen
774 772 933 815 mentis
965 786 1223 828 momenque
1254 774 1467 815 mouetur.

273 843 402 900 idque
433 843 519 887 sibi
551 843 693 887 solum
723 858 800 900 per
832 858 877 886 se
910 843 1042 900 sapit:
1073 843 1118 886 id
1151 843 1236 886 sibi
1267 844 1445 901 gaudet,

273 930 372 959 cum
402 929 542 972 neque
572 931 642 959 res
675 916 863 959 animam
893 930 1034 972 neque
1064 930 1221 972 corpus
1253 919 1499 959 commouet
1531 932 1627 960 una.

273 989 317 1030 et
348 987 494 1046 quasi,
523 1002 621 1031 cum
653 990 783 1044 caput
815 990 891 1031 aut
923 988 1072 1031 oculus
1104 990 1347 1044 temptante
1378 989 1527 1032 dolore

275 1058 462 1101 laeditur
491 1059 539 1101 in
569 1059 717 1116 nobis,
746 1074 837 1103 non
868 1060 986 1102 omni
1017 1060 1342 1103 concruciamur

276 1144 476 1189 corpore,
506 1131 569 1174 sic
600 1132 770 1175 animus
799 1146 1127 1188 nonnumquam
1156 1132 1343 1176 laeditur
1373 1133 1467 1189 ipse

271 1201 527 1260 laetitiaque
557 1204 698 1262 uiget,
729 1219 827 1247 cum
857 1206 999 1247 cetera
1028 1219 1130 1260 pars
1162 1205 1321 1247 animai

269 1289 347 1331 per
375 1275 570 1319 membra
601 1278 731 1332 atque
763 1278 884 1319 artus
916 1276 1038 1319 nulla
1067 1277 1266 1320 nouitate
1297 1277 1452 1321 cietur:

269 1361 423 1391 uerum
452 1347 528 1391 ubi
559 1348 750 1391 uementi
781 1348 920 1405 magis
953 1351 1019 1391 est
1051 1351 1267 1392 commota
1297 1352 1418 1392 metu
1448 1366 1591 1408 mens,

270 1419 513 1462 consentire
545 1420 733 1464 animam
764 1423 905 1464 totam
935 1435 1013 1477 per
1044 1421 1239 1465 membra
1268 1422 1484 1479 uidemus,

269 1491 533 1548 sudoresque
562 1493 626 1535 ita
656 1492 952 1549 palloremque
984 1493 1169 1536 existere
1200 1496 1296 1537 toto

269 1577 450 1620 corpore
481 1566 524 1607 et
555 1565 736 1622 infringi
765 1565 963 1622 linguam
994 1579 1231 1622 uocemque
1263 1566 1447 1624 aboriri,

265 1635 454 1693 caligare
485 1637 654 1694 oculos,
687 1652 838 1680 sonere
870 1637 1008 1695 auris,
1040 1637 1256 1681 succidere
1287 1641 1428 1696 artus,

267 1707 452 1764 denique
482 1708 704 1752 concidere
734 1724 787 1752 ex
819 1709 952 1752 animi
983 1711 1148 1753 terrore
1179 1710 1377 1753 uidemus

267 1793 395 1836 saepe
424 1779 642 1838 homines3
673 1781 799 1824 facile
830 1783 880 1823 ut
913 1781 1058 1838 quiuis
1089 1782 1191 1825 hinc
1220 1797 1398 1826 noscere
1428 1785 1571 1840 possit

265 1866 360 1895 esse
391 1852 580 1896 animam
610 1868 708 1896 cum
739 1853 883 1896 animo
915 1854 1212 1912 coniunctam,
1243 1870 1353 1911 quae
1384 1871 1482 1899 cum
1514 1857 1647 1899 animi
1680 1857 1723 1899 vi

265 1927 532 1982 percussast,
563 1925 677 1968 exim
707 1940 865 1982 corpus
896 1925 1104 1982 propellit
1136 1929 1180 1970 et
1211 1927 1298 1971 icit.

327 1995 448 2040 Haec
477 1996 624 2040 eadem
655 1998 770 2041 ratio
799 2000 1002 2041 naturam
1033 1999 1167 2041 animi
1197 2002 1329 2056 atque
1362 2000 1522 2043 animai

268 2082 520 2125 corpoream
551 2069 676 2112 docet
707 2084 819 2112 esse:
850 2069 927 2112 ubi
959 2070 1075 2112 enim
1104 2071 1346 2127 propellere
1377 2072 1591 2131 membra,

266 2140 482 2197 corripere
513 2155 565 2183 ex
597 2155 748 2184 somno
781 2156 957 2199 corpus,
988 2144 1242 2198 mutareque
1273 2144 1445 2187 uoltum

265 2215 396 2269 atque
426 2212 647 2255 hominem
678 2215 822 2256 totum
846 2227 995 2270 regere
1027 2229 1076 2257 ac
1106 2229 1280 2258 uersare
1310 2216 1502 2274 uidetur,

268 2299 455 2342 quorum
484 2285 550 2328 m'l
579 2285 674 2328 fieri
706 2285 798 2328 sine
827 2288 950 2328 tactu
981 2301 1110 2342 posse
1140 2287 1358 2346 uidemus,

261 2371 341 2400 nec
369 2359 536 2400 tactum
565 2372 696 2415 porro
730 2358 823 2400 sine
853 2372 1052 2416 corpore,
1081 2373 1226 2402 nonne
1257 2360 1525 2404 fatendumst

262 2443 469 2485 corporea
498 2432 656 2472 natura
687 2430 879 2473 animum
910 2433 1110 2474 constare
1141 2432 1446 2489 animamque?

263 2502 485 2558 praeterea
514 2502 678 2558 pariter
708 2502 834 2559 fungi
866 2517 964 2545 cum
995 2517 1175 2559 corpore
1206 2506 1250 2546 et
1283 2519 1370 2547 una

262 2572 506 2616 consentire
538 2573 731 2616 animum
760 2575 889 2617 nobis
919 2575 967 2617 in
998 2589 1178 2631 corpore
1209 2577 1362 2620 cernis.

263 2644 302 2688 si
330 2644 475 2687 minus
507 2645 687 2688 offendit
717 2646 855 2689 uitam
885 2647 953 2690 uis
985 2647 1162 2690 horrida
1193 2648 1270 2690 teli

262 2715 434 2760 ossibus
466 2731 515 2760 ac
543 2717 691 2760 neruis
723 2717 924 2760 disclusis
955 2719 1075 2761 intus
1108 2719 1277 2776 adacta,

261 2790 454 2832 attamen
483 2789 730 2845 insequitur
759 2789 947 2847 languor
976 2793 1201 2847 terraeque
1231 2792 1396 2848 petitus

262 2859 429 2918 suauis,
459 2862 503 2903 et
533 2861 578 2903 in
609 2864 726 2904 terra
755 2862 913 2904 mentis
946 2862 1022 2918 qui
1053 2863 1251 2920 gignitur
1282 2866 1428 2907 aestus

259 2931 562 2988 interdumque
593 2933 717 2989 quasi
749 2933 1007 2990 exsurgendi
1038 2935 1204 2979 incerta
1235 2935 1452 2979 uoluntas.

260 3017 363 3061 ergo
396 3017 645 3060 corpoream
674 3007 876 3049 naturam
907 3006 1040 3049 animi
1072 3021 1166 3050 esse
1196 3010 1432 3065 necessest,

208 3136 276 3169 145
301 3132 343 3168 id
366 3134 462 3170 ‘nach
487 3133 587 3180 sapit
611 3146 682 3181 ery.
706 3136 811 3172 Wak.
912 3140 978 3172 151
1005 3135 1208 3172 nouitatei:
1238 3138 1332 3174 verb.
1352 3139 1400 3174 It.
1501 3143 1570 3174 154
1596 3138 1727 3184 itaque
1753 3139 1835 3186 pal-

110 3179 244 3217 lorem:
270 3181 362 3217 verb.
383 3181 487 3218 Nice.
581 3186 649 3219 159
675 3182 714 3218 111
738 3184 843 3228 fehlt:
874 3183 932 3219 uis
957 3185 1109 3221 Nonius
1128 3197 1167 3230 p.
1189 3188 1273 3229 124,
1298 3187 1391 3222 verb.
1412 3187 1459 3223 It.
1561 3190 1629 3222 170
1655 3186 1832 3223 offendis:

110 3229 204 3265 verb.
225 3227 282 3264 B*
299 3251 345 3255 —
363 3228 449 3265 leti:
469 3230 562 3266 verb.
578 3230 679 3267 Mar.
757 3235 823 3267 172
844 3231 1079 3277 insequetur:
1101 3234 1192 3270 verb.
1208 3233 1326 3268 A²B²
1401 3238 1468 3270 173
1488 3236 1649 3271 mentes:
1671 3236 1763 3272 verb.
1786 3236 1834 3272 It.
