2092 3438
790 217 936 254 LIBER.
959 215 1178 252 TERTIUS.
1792 213 1813 255 1
1823 213 1844 255 1

270 330 437 374 lumina
465 328 705 373 luminibus
738 327 840 384 quia
869 327 998 370 nobis
1030 326 1375 382 praepediuntur.

273 402 390 459 quod
418 401 587 445 foribus
617 415 708 443 non
738 399 806 442 fit:
837 414 977 456 neque
1008 398 1140 455 enim,
1173 398 1275 454 quia
1307 398 1520 440 cernimus
1552 397 1655 453 ipsi,

273 474 388 518 ostia.
418 473 662 530 suscipiunt
692 471 832 515 ullum
861 471 1028 514 reclusa
1058 470 1263 513 laborem.

271 548 494 602 praeterea
524 546 562 589 si
593 559 672 602 pro
704 544 873 588 foribus
906 545 1008 586 sunt
1039 542 1204 585 lumina
1234 545 1404 600 nostra,

271 617 360 661 iam
388 618 528 675 magis
560 616 772 673 exemptis
805 615 940 658 oculis
972 615 1126 658 debere
1156 614 1330 658 uidetur

270 703 442 733 cernere
472 703 540 732 res
573 689 742 732 animus
774 687 958 730 sublatis
990 686 1192 742 postibus
1224 686 1343 743 ipsis.

331 759 447 804 Illud
476 761 524 804 in
553 761 622 803 his
653 760 784 803 rebus
814 773 1089 815 nequaquam
1123 772 1290 801 sumere
1320 758 1484 815 possis,

269 831 509 876 Democriti
540 831 656 889 quod
687 834 835 875 sancta
866 831 952 874 uiri
983 830 1198 874 sententia
1229 830 1372 888 ponit,

270 905 464 961 corporis
497 907 627 961 atque
659 904 792 947 animi
822 903 1077 961 primordia,
1109 902 1283 959 singula
1312 901 1451 958 priuis

270 976 488 1035 adposita,
518 976 698 1020 alternis
730 975 898 1018 uariare
929 990 978 1018 ac
1009 977 1178 1018 nectere
1210 974 1414 1017 membra.

272 1062 373 1092 nam
404 1063 502 1092 cum
532 1049 672 1092 multo
705 1050 809 1091 sunt
841 1047 1007 1090 animae
1039 1047 1251 1090 elementa
1281 1046 1452 1089 minora

272 1135 403 1177 quam
434 1120 593 1178 quibus
625 1135 648 1163 e
679 1135 836 1176 corpus
866 1119 995 1162 nobis
1028 1124 1072 1171 et
1102 1119 1269 1162 uiscera
1301 1121 1521 1176 constant,

249 1195 367 1236 ,tum
396 1207 576 1236 numero
609 1207 782 1249 quoque
813 1192 1053 1235 concedunt
1084 1194 1128 1234 et
1158 1207 1256 1234 rara
1286 1206 1363 1247 per
1394 1193 1515 1234 artus

272 1264 426 1308 dissita
457 1268 578 1323 sunt,
609 1265 835 1308 dumtaxat
865 1266 916 1307 ut
946 1263 1029 1306 hoc
1059 1263 1314 1320 promittere
1346 1263 1508 1320 possis,

275 1337 486 1393 quantula
515 1337 656 1394 prima
687 1339 847 1394 queant
878 1335 1006 1379 nobis
1038 1336 1196 1378 iniecta
1227 1336 1338 1378 ciere

270 1423 452 1466 corpora
483 1409 715 1452 sensiferos
746 1412 892 1452 motus
924 1409 970 1451 in
1002 1423 1200 1466 corpore,
1230 1410 1355 1450 tanta

119 1491 189 1524 380
269 1481 501 1525 interualla
530 1484 677 1524 tenere
709 1481 884 1524 exordia
913 1481 1055 1537 prima
1085 1480 1255 1523 animai.

268 1567 372 1597 113111
401 1568 542 1610 neque
571 1553 764 1610 pulueris
795 1553 1014 1596 interdum
1046 1553 1256 1595 sentimus
1289 1552 1523 1596 adhaesum

270 1639 450 1682 corpore
479 1641 558 1669 nec
588 1626 795 1668 membris
827 1626 1044 1668 incussam
1076 1625 1215 1668 sidere
1246 1627 1426 1683 cretam,

268 1711 348 1741 nec
375 1698 580 1742 nebulam
610 1700 744 1741 noctu
774 1712 914 1754 neque
946 1697 1093 1740 aranei
1124 1697 1272 1740 tenuia
1301 1697 1376 1740 fila

271 1769 402 1814 obuia
433 1771 663 1828 sentimus,
694 1770 866 1827 quando
899 1770 1139 1813 obretimur
1171 1771 1341 1826 euntes,

121 1852 192 1885 385
270 1856 348 1886 nec
379 1858 536 1900 supera
566 1845 695 1900 caput
727 1842 919 1886 eiusdem
950 1841 1153 1885 cecidisse
1183 1841 1345 1885 uictam

270 1917 456 1972 uestem,
485 1930 564 1959 nec
593 1915 764 1972 plumas
797 1915 944 1958 auium
975 1928 1229 1971 papposque
1260 1913 1471 1970 uolantis,

272 1986 348 2043 qui
375 1987 512 2030 nimia
541 1987 723 2030 leuitate
754 1987 912 2030 cadunt
942 1987 1198 2043 plerumque
1230 1986 1465 2043 grauatim,

267 2072 347 2101 nec
376 2059 568 2115 repentis
601 2059 713 2102 itum
743 2059 1120 2114 cuiusuiscumque
1152 2058 1385 2101 animantis

271 2130 501 2188 sentimus,
530 2145 609 2174 nec
639 2131 765 2187 priua
795 2130 954 2187 pedum
984 2130 1173 2187 uestigia
1205 2145 1417 2187 quaeque,

123 2213 194 2246 390
274 2216 452 2259 corpore
484 2217 594 2259 quae
624 2203 671 2245 in
700 2205 852 2246 nostro
884 2202 1040 2246 culices
1072 2205 1115 2245 et
1146 2205 1288 2245 cetera
1319 2204 1500 2258 ponunt.

271 2289 410 2330 usque
441 2274 546 2318 adeo
577 2275 698 2331 prius
731 2277 797 2318 est
828 2274 875 2317 in
904 2274 1033 2318 nobis
1065 2274 1205 2318 multa
1236 2273 1453 2332 ciendum,

271 2361 402 2403 quam
431 2346 669 2404 primordia
701 2347 938 2391 sentiscant
969 2361 1178 2390 concussa
1209 2346 1369 2390 animai

272 2418 436 2462 semina
467 2419 722 2476 corporibus
753 2419 918 2463 nostris
950 2419 1135 2462 inmixta
1165 2433 1242 2476 per
1274 2421 1414 2475 artus,

272 2493 316 2534 et
346 2505 477 2547 quam
507 2491 566 2534 sis
596 2491 839 2535 interuallis
870 2491 1107 2535 tuditantia
1137 2491 1308 2548 possint

123 2572 192 2605 395
272 2577 526 2606 concursare
557 2562 671 2606 coire
704 2566 747 2606 et
778 2563 1009 2607 dissultare
1040 2563 1245 2607 uicissim.

331 2633 393 2677 Et
422 2634 562 2692 magis
595 2637 660 2677 est
691 2636 860 2679 animus
892 2636 1001 2679 uitai
1033 2635 1222 2679 claustra
1253 2650 1451 2678 coercens

271 2708 315 2749 et
345 2705 638 2750 dominantior
668 2707 722 2749 ad
752 2707 891 2750 uitam
922 2723 1052 2764 quam
1082 2708 1151 2750 uis
1183 2707 1352 2750 animai.

269 2793 372 2822 113111
403 2778 495 2822 sine
525 2781 670 2822 mente
702 2779 932 2836 animoque
961 2780 1114 2836 nequit
1145 2779 1331 2823 residere
1362 2794 1438 2835 per
1470 2781 1592 2822 artus

270 2851 480 2906 temporis
511 2851 712 2908 exiguam
742 2854 910 2908 partem
941 2867 1041 2908 pars
1072 2851 1162 2894 ulla
1194 2851 1372 2908 animai,

119 2932 190 2965 400
270 2921 345 2964 sed
375 2936 517 2965 comes
549 2922 795 2979 insequitur
826 2923 953 2966 facile
984 2926 1028 2966 et
1059 2923 1239 2967 discedit
1270 2924 1316 2966 in
1347 2938 1473 2966 auras

215 3078 285 3111 365
311 3074 403 3120 quia
427 3076 596 3112 Lachm.:
622 3088 699 3123 qua
777 3081 847 3112 3⁷2
873 3076 1022 3124 primis:
1047 3078 1141 3114 verb.
1163 3078 1285 3114 Bentz.
1367 3081 1436 3114 375
1464 3089 1484 3114 3
1509 3078 1607 3114 ΑΒ;
1636 3080 1675 3114 et
1693 3078 1852 3115 A²B²0

119 3125 190 3159 383
217 3123 348 3159 aranei
368 3124 489 3160 Mar.:
511 3124 618 3160 arani
637 3147 684 3152 —
702 3125 865 3161 tenulla:
887 3127 980 3162 verb.
1000 3126 1048 3162 It.
1124 3130 1191 3161 391
1215 3125 1366 3162 ciendo:
1386 3127 1479 3162 verb.
1501 3126 1569 3162 Av.
1646 3130 1715 3162 394
1735 3137 1849 3171 quam

120 3169 172 3206 sis
208 3175 365 3207 vermute
401 3172 476 3208 ich:
515 3172 685 3218 quantis;
729 3184 843 3218 quam
881 3173 921 3209 in
961 3173 1020 3209 his
1059 3174 1208 3210 Lachm.
1333 3177 1402 3209 399
1442 3173 1624 3220 exigiam:
1663 3175 1756 3211 verb.
1795 3174 1851 3210 A'

118 3221 190 3255 400
215 3217 402 3255 ediscedit
425 3219 555 3267 (-derit
579 3220 647 3268 B):
673 3222 767 3258 verb.
787 3221 835 3258 It.
