2092 3438
770 173 917 210 LIBER
940 173 1158 210 TERTIUS.
1771 173 1791 214 1
1800 173 1824 214 7

0 259 13 332 ἶ
256 287 387 342 atque
416 283 660 329 foramina?
710 282 978 326 multimodis
1010 285 1060 325 ut
1090 297 1265 325 noscere
1297 282 1439 338 possis

0 350 2 360 ’
255 355 528 413 dispertitam
559 355 726 398 animae
755 357 958 398 naturam
989 355 1129 397 exisse
1158 369 1235 410 per
1267 357 1388 397 artus

109 439 182 472 590
259 430 304 472 et
334 428 455 485 prius
487 441 580 471 esse
612 426 697 470 sibi
728 426 980 470 distractam
1010 440 1190 482 corpore
1219 426 1267 468 in
1297 427 1413 483 ipso,

258 514 389 556 quam
417 499 622 556 prolapsa
649 498 767 542 foras
799 501 946 541 enaret
977 498 1024 540 in
1055 498 1164 540 aeris
1197 513 1334 540 auras.

255 573 363 630 quin
393 571 526 615 etiam
555 570 657 613 finis
689 570 792 612 dum
822 570 940 612 uitae
970 569 1158 612 uertitur
1188 569 1324 627 intra,

255 659 381 702 saepe
411 643 558 699 aliqua
588 645 734 685 tamen
764 656 787 684 e
818 656 947 685 causa
977 641 1190 684 labefacta
1221 641 1394 684 uidetur

0 770 3 774 ²
253 717 318 761 ire
349 715 494 763 anima
524 729 573 758 ac
602 716 700 757 toto
733 713 847 757 solui
878 714 930 757 de
962 728 1141 770 corpore
1165 714 1297 770 uelle,

0 800 19 866 5
106 801 176 835 595
255 791 300 833 et
331 788 456 845 quasi
487 801 688 844 supremo
719 785 997 844 languescere
1028 789 1223 842 tempore
1253 785 1421 844 uoltus,

246 860 487 916 ‘molliaque
518 858 729 915 exsangui
760 857 908 901 cadere
941 858 1086 901 omnia
1117 873 1295 914 corpore
1326 859 1529 902 membra.

255 932 372 990 quod
401 945 538 990 genus
569 933 655 988 est,
686 929 829 972 animo
861 930 973 973 male
1003 930 1168 972 factum
1198 945 1296 973 cum
1326 931 1580 986 perhibetur

253 1007 330 1048 aut
360 1004 547 1047 animam
577 1002 776 1059 liquisse3
807 1002 884 1045 ubi
915 1002 1002 1045 iam
1033 1002 1275 1058 trepidatur
1307 1005 1350 1045 et
1381 1018 1529 1045 omnes

254 1079 494 1121 extremm
523 1075 705 1131 cupiunt
736 1074 853 1117 uitae
883 1074 1193 1131 reprehendere
1223 1074 1432 1118 uinclum:

107 1161 178 1194 600
255 1150 571 1206 conquassatur
602 1146 717 1190 enim
746 1148 843 1189 tum
873 1161 994 1189 mens
1026 1147 1279 1202 animaeque
1310 1149 1504 1203 potestas

257 1221 417 1279 omnis,
447 1222 491 1264 et
519 1219 626 1262 haec
656 1218 754 1274 ipso
786 1232 883 1261 cum
914 1232 1094 1274 corpore
1125 1218 1433 1276 conlabefiunt3

256 1296 307 1337 ut
337 1293 514 1351 grauior
543 1291 674 1348 paulo
705 1290 848 1346 possit
879 1290 1116 1333 dissoluere
1147 1305 1286 1334 causa.

257 1364 362 1422 quid
391 1364 566 1408 dubitas
597 1362 772 1405 tandem
804 1362 911 1418 quin
942 1364 1064 1405 extra
1094 1362 1268 1418 prodita
1299 1377 1456 1418 corpus

254 1435 457 1480 inbecilla
486 1436 625 1493 foras,
654 1434 703 1477 in
733 1436 904 1491 aperto,
933 1434 1123 1491 tegmine
1155 1434 1349 1493 dempto,

108 1519 179 1552 605
256 1522 348 1552 non
377 1506 505 1550 modo
535 1520 627 1549 non
657 1520 828 1549 omnem
858 1505 1000 1561 possit
1031 1506 1186 1549 durare
1216 1522 1293 1562 per
1325 1522 1497 1565 aeuom,

257 1580 332 1624 sed
360 1579 589 1623 minimum
621 1577 807 1634 quoduis
836 1580 1025 1634 nequeat
1055 1579 1291 1621 consistere
1321 1578 1524 1635 tempus?

255 1666 335 1696 nec
365 1651 451 1695 sibi
482 1651 597 1694 enim
628 1649 859 1706 quisquam
890 1650 1078 1692 moriens
1111 1651 1270 1693 sentire
1301 1651 1474 1694 uidetur

257 1725 322 1768 ire
352 1724 471 1767 foras
501 1723 690 1766 animam
719 1722 981 1765 incolumem
1013 1722 1065 1765 de
1095 1737 1274 1778 corpore
1306 1725 1422 1781 toto,

255 1811 336 1840 nec
364 1797 487 1853 prius
518 1795 573 1839 ad
602 1787 803 1851 iugulum
834 1796 878 1836 et
909 1808 1065 1850 supera
1097 1795 1320 1838 succedere
1351 1795 1515 1852 fauces,

108 1879 179 1913 610
255 1883 408 1912 uerum
439 1867 618 1910 deficere
648 1866 696 1909 in
727 1867 843 1909 certa
873 1865 1050 1922 regione
1080 1865 1285 1924 locatam3

256 1942 308 1984 ut
338 1954 490 1984 sensus
522 1939 632 1982 alios
663 1938 711 1980 in
741 1938 857 1994 parti
889 1952 1103 1994 quemque
1134 1953 1213 1981 sua
1244 1939 1326 1982 scit

257 2011 450 2056 dissolui.
513 2010 630 2068 quod
660 2010 698 2053 si
728 2009 974 2053 inmortalis
1005 2012 1156 2053 nostra
1186 2011 1300 2054 foret
1331 2026 1471 2068 mens,

257 2098 350 2128 non
378 2086 470 2128 tam
501 2097 547 2126 se
577 2082 766 2126 moriens
798 2082 978 2125 dissolui
1010 2086 1362 2140 conquereretur,

262 2156 337 2200 sed
365 2155 505 2212 magis
537 2155 600 2198 ire
629 2155 748 2197 foras
779 2156 1031 2210 uestemque
1061 2154 1323 2213 relinquere,
1353 2158 1404 2198 ut
1436 2155 1601 2214 anguis.

112 2240 183 2272 615
320 2227 518 2284 Denique
549 2241 625 2270 cur
655 2226 789 2269 animi
818 2241 1056 2282 numquam
1086 2241 1208 2269 mens
1239 2227 1554 2284 consiliumque

260 2299 457 2358 gignitur
487 2299 536 2342 in
565 2299 705 2354 capite
738 2300 814 2340 aut
844 2297 1025 2354 pedibus
1057 2298 1332 2356 manibusue,
1363 2300 1437 2342 sed
1467 2300 1565 2342 unis

263 2371 437 2415 sedibus
468 2374 512 2414 et
543 2370 672 2414 certis
704 2369 957 2427 regionibus
989 2370 1189 2414 omnibus
1221 2371 1389 2430 haeret,

261 2443 300 2488 si
329 2458 420 2487 non
449 2445 567 2486 certa
596 2442 692 2486 loca
724 2442 777 2484 ad
805 2442 1069 2485 nascendum
1099 2442 1268 2486 reddita
1298 2444 1452 2500 cuique

264 2517 386 2574 sunt,
415 2517 459 2558 et
489 2515 567 2558 ubi
598 2514 803 2571 quicquid
833 2514 975 2570 possit
1007 2514 1160 2557 durare
1191 2518 1383 2558 creatum

116 2670 186 2703 620
266 2661 397 2716 atque
428 2659 491 2703 ita
522 2658 791 2702 multimodis
822 2659 997 2714 partitis
1030 2659 1212 2702 artubus
1244 2674 1355 2717 esse,

264 2731 557 2775 membrorum
587 2733 638 2774 ut
667 2744 905 2786 numquam
936 2730 1096 2773 existat
1126 2734 1430 2787 praeposterus
1464 2732 1599 2775 ordo‘?

265 2818 403 2861 usque
433 2803 539 2846 adeo
572 2802 768 2859 sequitur
799 2816 868 2844 res
899 2816 1010 2858 rem,
1040 2817 1179 2859 neque
1210 2803 1384 2846 flamma
1416 2804 1549 2847 creari

263 2875 516 2919 fluminibus
548 2874 722 2918 solitast
752 2888 892 2930 neque
922 2873 970 2916 in
993 2874 1086 2930 igni
1118 2875 1288 2932 gignier
1321 2875 1454 2932 algor.

211 2985 281 3018 594
313 2980 414 3018 uelle
438 2981 605 3017 Laclmm
638 2979 766 3016 omnia
795 2980 965 3016 membra
996 2992 1066 3016 aus
1098 2983 1172 3017 596
1269 2986 1337 3017 596
1371 2982 1571 3028 easangui:
1597 2984 1690 3018 verb.
1713 2983 1769 3018 Β2
1794 3004 1838 3008 -

115 3041 371 3114 ffl‘ze‘ss?
375 3030 492 3112 {2122
537 3027 850 3112 5976191311
858 3027 1110 3112 ΒΑ
1135 3028 1523 3114 Βηεὲῑῑῑῖΐξῢθαέῑε
1578 3030 1841 3115 8512&ss}an

117 3126 261 3162 Mamm
375 3128 446 3161 620
476 3124 534 3160 ita
563 3125 629 3161 It:
661 3126 702 3160 ta
727 3146 774 3150 —
785 3123 956 3178 partitis
983 3124 1169 3172 Ber-ways:
1203 3125 1361 3171 pertotis
1469 3130 1538 3162 623
1572 3126 1686 3162 solita
1716 3138 1839 3171 neque

118 3173 261 3220 insigni
284 3173 381 3209 AB:
409 3172 524 3208 solita
548 3174 606 3208 est
629 3172 691 3217 It„
716 3171 757 3207 in
781 3171 863 3218 igni
889 3171 946 3207 Β2

188 3240 349 3268 Lucretius
366 3249 394 3267 v.
413 3241 520 3266 Hnmz
504 3246 550 3266 τι.
1531 3239 1552 3270 2
