2092 3438
277 249 302 291 6
669 250 710 285 T.
735 249 941 286 LUCRETI
966 249 1077 286 CARI
1101 250 1165 286 DE
1191 250 1363 286 RERUM
1387 250 1589 287 NATURA

426 359 641 414 corporeis
675 358 878 414 quoniam
909 359 1007 402 telis
1040 360 1213 414 ictuque
1242 359 1423 402 laborat.

484 430 527 473 Is
559 430 642 472 tibi
671 444 785 472 nunc
816 430 982 473 animus
1015 430 1132 486 quali
1164 429 1235 472 sit‘
1251 445 1428 486 corpore
1460 433 1502 473 et
1533 431 1644 474 unde

426 501 669 544 constiterit
700 515 876 557 pergam
905 502 1117 544 rationem
1147 501 1319 544 reddere
1350 501 1487 544 dictis.

425 573 637 628 principio
669 587 761 614 esse
792 573 860 615 aio
892 572 1172 628 persuptilem
1202 575 1331 628 atque
1361 573 1540 616 minutis

280 655 348 687 180
426 658 633 699 perquam
664 643 916 699 corporibus
948 644 1110 686 factum
1141 645 1347 685 constare.
1410 643 1453 685 id
1483 644 1546 686 ita
1577 659 1668 687 esse

427 715 528 757 hinc
557 715 658 757 licet
690 714 888 757 aduertas
920 715 1108 757 animum
1138 717 1188 756 ut
1218 729 1468 769 pernoscere
1499 716 1652 770 possis.

425 787 488 829 nil
519 786 622 828 adeo
654 786 749 827 fieri
780 786 906 828 celeri
938 786 1104 828 ratione
1134 785 1327 842 uidetur,

427 873 556 913 quam
587 857 671 899 sibi
700 872 821 899 mens
853 857 946 899 fieri
976 856 1179 912 proponit
1210 859 1253 898 et
1283 857 1457 899 inchoat
1487 857 1600 912 ipsa:

427 929 543 971 ocius
576 942 677 984 ergo
709 928 877 986 animus
909 942 1038 983 quam
1068 941 1135 969 res
1168 942 1212 969 se
1243 928 1403 983 perciet
1433 927 1540 985 ulla,

282 1011 349 1042 185
428 1002 525 1042 ante
557 999 703 1041 oculos
736 1013 919 1054 quorum
950 999 996 1040 in
1026 1001 1230 1054 promptu
1260 1001 1415 1041 natura
1445 999 1632 1042 uidetur:

428 1073 472 1113 at
504 1070 618 1126 quod
647 1069 806 1112 mobile
837 1072 959 1112 tanto
993 1071 1180 1127 operest,
1211 1072 1404 1112 constare
1435 1071 1634 1114 rutundis

426 1156 632 1198 perquam
664 1141 899 1184 seminibus
932 1141 1057 1183 debet
1088 1155 1378 1196 perquamque
1408 1141 1607 1199 minutis,

425 1213 612 1256 momine
643 1213 709 1255 uti
739 1227 874 1268 paruo
905 1212 1075 1268 possint
1106 1212 1279 1267 inpulsa
1309 1213 1484 1255 moueri.

425 1298 609 1339 namque
639 1286 839 1326 mouetur
870 1298 980 1339 aqua
1011 1286 1054 1325 et
1085 1282 1257 1325 tantillo
1288 1283 1475 1326 momine
1506 1283 1652 1342 flutat,

282 1367 350 1398 190
430 1356 589 1411 quippe
619 1354 883 1397 volubilibus
914 1354 1145 1410 paruisque
1177 1356 1318 1397 creata
1348 1354 1511 1410 figuris.

426 1430 471 1469 at
502 1429 651 1469 contra
681 1426 821 1468 mellis
854 1426 1122 1468 constantior
1154 1428 1219 1468 est
1249 1427 1405 1468 natura

426 1500 469 1540 et
499 1498 613 1554 pigri
642 1497 791 1540 latices
822 1498 961 1554 magis
993 1499 1036 1539 et
1066 1497 1335 1539 cunctantior
1367 1499 1504 1540 actus:

424 1570 572 1611 haeret
604 1569 718 1611 enim
747 1569 861 1611 inter
892 1583 937 1611 se
968 1568 1107 1624 magis
1141 1568 1280 1610 omnis
1312 1568 1507 1610 materiai

427 1641 568 1698 copia,
596 1640 820 1697 nimirum,
852 1640 953 1695 quia
982 1654 1071 1682 non
1101 1642 1191 1681 tam
1221 1639 1390 1681 leuibus
1422 1642 1592 1682 constat

259 1717 347 1754 ⁴195
427 1711 679 1766 corporibus
710 1725 848 1766 neque
878 1713 969 1752 tam
1001 1709 1234 1765 suptilibus
1267 1712 1395 1765 atque
1424 1711 1635 1754 rutundis.

425 1796 609 1837 namque
641 1782 867 1837 papaueris
900 1796 1003 1824 aura
1033 1783 1179 1837 potest
1211 1795 1420 1836 suspensa
1449 1782 1644 1838 leuisque

427 1867 576 1910 cogere
607 1856 657 1895 ut
688 1853 741 1895 ab
775 1867 940 1895 summo
972 1853 1055 1895 tibi
1086 1852 1256 1895 diffluat
1287 1853 1401 1895 altus
1433 1869 1628 1912 aceruos,

428 1928 472 1968 at
503 1927 652 1968 contra
682 1924 874 1979 lapidum
905 1924 1143 1966 conlectum
1175 1923 1508 1980 *spicarumque

428 2011 571 2039 noenu
601 1997 757 2051 potest.
819 1995 954 2051 igitur
984 1994 1242 2050 paruissima
1273 2009 1453 2050 corpora
1483 2010 1694 2052 proquam

280 2080 348 2111 200
428 2070 471 2110 et
500 2067 720 2109 leuissima
751 2070 871 2123 sunt,
900 2067 963 2108 ita
994 2066 1236 2109 mobilitate
1267 2066 1487 2109 fruuntur:

430 2141 475 2181 at
506 2141 656 2181 contra
688 2153 795 2194 quae
827 2152 1007 2193 cumque
1038 2138 1177 2194 magis
1209 2151 1306 2179 cum
1335 2138 1521 2193 pondere
1551 2152 1709 2195 magno

431 2224 663 2265 asperaque
695 2209 992 2266 inueniuntur,
1023 2223 1072 2251 eo
1105 2209 1297 2251 stabilita
1328 2208 1466 2265 magis
1499 2211 1611 2252 sunt.

427 2295 541 2323 nunc
570 2281 706 2337 igitur
738 2281 941 2336 quoniam
972 2283 1037 2323 est
1068 2280 1199 2322 animi
1229 2282 1385 2322 natura
1414 2283 1582 2335 reperta

429 2352 602 2394 mobilis
635 2352 822 2409 egregie,
852 2366 1058 2407 perquam
1089 2354 1284 2394 constare
1314 2353 1529 2394 necessest

282 2434 349 2466 205
430 2422 681 2478 corporibus
714 2423 860 2478 paruis
892 2425 935 2464 et
964 2422 1134 2464 leuibus
1166 2425 1294 2477 atque
1324 2422 1533 2465 rutundis.

433 2508 541 2549 quae
572 2493 654 2535 tibi
685 2493 858 2550 cognita
888 2507 956 2535 res
987 2493 1034 2534 in
1063 2492 1233 2549 multis,
1264 2507 1289 2534 o
1321 2493 1450 2550 bone,
1480 2493 1608 2536 rebus

428 2564 549 2606 utilis
580 2564 824 2606 inuenietur
855 2567 897 2606 et
930 2565 1171 2619 opportuna
1202 2563 1372 2606 cluebit.

427 2636 532 2678 haec
563 2650 733 2691 quoque
763 2650 830 2678 res
862 2635 992 2677 etiam
1021 2637 1220 2677 naturam
1251 2635 1415 2677 dedicat
1446 2635 1557 2692 eius,

433 2722 560 2762 quam
591 2706 711 2748 tenui
742 2708 910 2748 constet
941 2709 1129 2762 textura,
1161 2720 1372 2762 quamque
1401 2706 1495 2748 loco
1529 2721 1573 2748 se

282 2790 351 2820 210
430 2778 646 2820 contineat
676 2792 829 2833 paruo,
862 2778 899 2819 si
928 2778 1068 2832 possit
1099 2777 1428 2834 conglomerafi,

431 2848 545 2904 quod
577 2848 704 2890 simul
735 2850 863 2904 atque
893 2848 1111 2890 hominem
1141 2848 1219 2891 leti
1251 2863 1397 2890 secura
1429 2848 1548 2903 quies
1580 2851 1646 2891 est

430 2919 604 2975 indepta
635 2922 762 2974 atque
794 2919 926 2961 animi
954 2922 1110 2961 natura
1141 2919 1388 2974 animaeque
1418 2919 1613 2977 recessit,

429 2990 493 3032 nil
522 2990 584 3032 ibi
615 2989 798 3032 libatum
830 2990 880 3032 de
910 2992 1005 3032 toto
1038 3004 1214 3044 corpore
1246 3004 1392 3032 cernas

380 3122 445 3153 176
473 3117 653 3164 corporis:
679 3118 771 3153 verb.
791 3117 847 3153 B²
920 3121 987 3152 183
1013 3116 1086 3153 sibi
1104 3117 1226 3154 Wak.:
1253 3116 1285 3152 si
1360 3121 1426 3153 194
1447 3119 1594 3153 constat
1612 3122 1767 3154 vermute
1785 3118 1859 3154 ich:
1880 3119 1983 3153 extat

286 3169 352 3201 198
378 3165 587 3200 conlectum
613 3165 799 3201 Muretus:
833 3165 1041 3201 coniectum
1071 3186 1116 3190 —
1149 3164 1423 3211 spicarumque:
1460 3176 1592 3200 caurus
1622 3176 1771 3200 mouere
1802 3165 1984 3212 Bernays,

283 3213 364 3259 ipse
390 3223 498 3248 eurus
523 3223 673 3248 mouere
700 3213 841 3248 Mum-o
926 3216 993 3247 203
1021 3213 1078 3248 est
1101 3224 1171 3258 erg.
1193 3213 1294 3248 Mar.
1381 3215 1450 3247 210
1475 3223 1529 3248 se:
1555 3213 1646 3249 verb.
1666 3212 1770 3248 Nice.
