2092 3438
811 193 957 230 LIBER
981 193 1199 230 TERTIUS.

296 303 351 346 ad
382 303 587 360 speeiem,
615 303 680 346 nil
711 303 765 346 ad
795 304 983 360 pondus:
1014 318 1131 347 mors
1164 305 1310 348 omnia
1339 309 1533 362 praestat

147 384 218 419 215
297 374 476 418 uitalem
506 378 676 432 praeter
709 390 883 419 sensum
915 376 1187 432 calidumque
1218 392 1433 434 uaporem.

297 461 400 505 ergo
431 447 620 490 animam
650 449 790 491 totam
821 448 1046 504 perparuis
1079 463 1172 491 esse
1202 452 1418 492 necessest

296 519 534 563 seminibus
564 533 720 562 nexam
750 534 828 576 per
858 533 991 562 uenas
1023 520 1190 563 uiscera
1219 535 1398 580 neruos,

296 593 528 650 quatenus,
560 591 700 634 omnis
731 591 809 634 ubi
840 606 863 634 e
894 594 990 635 toto
1022 591 1109 634 iam
1141 606 1320 648 corpore
1353 595 1501 652 cessit,

293 662 456 706 extima
484 663 779 707 membrorum
810 664 1150 707 circumcaesura
1180 667 1328 708 tamen
1359 680 1404 708 se

144 745 214 779 220
292 735 553 779 111601111116111
583 738 777 792 praestat
807 750 886 778 nec
917 736 1020 779 defit
1050 736 1253 793 ponderis
1287 737 1438 781 hilum.

294 807 408 864 quod
440 821 576 865 genus
608 810 693 864 est,
724 807 882 851 Bacchi
914 823 1012 851 cum
1043 807 1124 851 fios
1157 810 1353 868 euanuit,
1384 813 1460 854 aut
1491 826 1588 854 cum

293 879 475 936 spiritus
506 880 718 937 unguenti
750 881 895 924 suavis
928 880 1101 938 diffugit
1131 881 1177 924 in
1209 896 1354 938 auras,

291 953 368 995 aut
399 951 546 1009 aliquo
578 966 677 995 cum
706 952 794 996 iam
825 967 954 996 sucus
986 953 1037 996 de
1069 967 1249 1010 corpore
1281 954 1425 997 cessit:

290 1020 383 1067 11110
416 1024 552 1068 0611113
583 1027 730 1068 tamen
760 1039 853 1068 esse
883 1025 1026 1068 11111101
1056 1040 1125 1068 163
1156 1026 1253 1082 ipsa
1282 1026 1456 1070 uidetur

143 1105 214 1139 225
292 1097 524 1153 propterea
553 1110 693 1153 neque
725 1096 966 1140 detractum
999 1097 1050 1140 de
1080 1097 1267 1154 pondere
1300 1099 1551 1157 quicquam,

291 1168 518 1226 nimirum,
549 1169 651 1225 quia
681 1169 819 1212 multa
850 1170 1106 1226 minutaque
1137 1171 1302 1213 semina
1333 1186 1459 1214 sucos

291 1240 486 1284 efficiunt
517 1243 562 1283 et
594 1241 770 1285 odorem
799 1242 847 1285 in
878 1244 972 1285 toto
1006 1257 1185 1299 corpore
1215 1257 1372 1286 rerum.

289 1327 422 1370 quare
453 1313 586 1356 etiam
617 1316 749 1370 atque
779 1315 911 1358 etiam
941 1315 1101 1358 mentis
1131 1317 1334 1358 naturam
1366 1316 1619 1373 animaeque

0 1377 7 1443 ’ᾖ
290 1384 400 1428 36116
429 1384 532 1428 licet
562 1400 771 1442 perquam
801 1387 1007 1443 pauxillis
1039 1402 1134 1430 esse
1166 1390 1353 1431 creatam

137 1467 210 1500 230
289 1457 546 1514 seminibus,
578 1458 783 1514 quoniam
814 1459 986 1516 fugiens
1017 1459 1081 1502 nil
1111 1460 1314 1516 ponderis
1347 1461 1499 1505 aufert.

333 1527 426 1573 Nec
456 1532 603 1573 tamen
632 1530 737 1574 haec
768 1530 952 1587 simplex
982 1531 1112 1574 nobis
1142 1533 1299 1575 natura
1329 1533 1577 1588 putandast.

286 1601 432 1645 tenuis
463 1602 577 1646 enim
610 1603 820 1659 quaedam
850 1603 1135 1646 moribundos
1168 1604 1326 1647 deserit
1358 1620 1463 1648 aura

285 1673 423 1717 mixta
453 1689 632 1732 uapore,
664 1690 801 1731 uapor
831 1690 962 1731 porro
995 1675 1132 1718 trahit
1165 1691 1264 1719 aera
1296 1691 1458 1735 secum,

282 1760 363 1789 nec
393 1746 511 1790 calor
541 1749 608 1790 est
641 1748 891 1804 quisquam,
923 1747 993 1790 cui
1022 1762 1113 1791 non
1143 1748 1202 1791 sit
1232 1748 1397 1792 mixtus
1429 1752 1473 1792 et
1504 1766 1595 1794 aer:

135 1827 206 1861 285
284 1832 384 1862 rara
414 1818 531 1875 quod
561 1819 653 1863 eius
686 1819 802 1862 enim
833 1822 1004 1862 constat
1033 1822 1210 1878 natura,
1240 1824 1457 1864 necessest

284 1890 396 1933 66113
426 1890 542 1934 inter
573 1906 672 1934 eum
701 1891 938 1948 primordia
968 1892 1107 1935 multa
1138 1893 1317 1936 moueri.

282 1962 370 2006 iam
399 1962 561 2020 triplex
593 1963 771 2006 animist
802 1964 940 2021 igitur
969 1966 1128 2007 natura
1157 1968 1346 2021 reperta:

282 2047 362 2077 nec
392 2036 539 2078 tamen
567 2035 673 2079 11666
705 2038 772 2078 sat
805 2039 907 2079 sunt
939 2035 993 2078 ad
1025 2051 1200 2080 sensum
1231 2040 1384 2081 cuneta
1416 2039 1645 2083 creandum

281 2105 346 2148 nil
375 2105 532 2150 horum
564 2107 770 2164 quoniam
801 2108 955 2164 recipit
987 2108 1143 2151 *mens
1173 2123 1303 2165 posse
1334 2125 1477 2153 creare

132 2189 204 2221 240
284 2178 517 2222 sensiferos
547 2182 713 2237 motus,
744 2180 991 2236 *quaedam
1023 2195 1106 2236 que
1138 2183 1281 2224 mente
1311 2182 1492 2225 volutat.

280 2253 436 2307 quarta
466 2266 640 2308 quoque
669 2252 739 2295 his
770 2253 908 2309 igitur
941 2252 1150 2308 quaedam
1179 2256 1338 2297 natura
1367 2258 1584 2298 necessest

282 2322 575 2367 adtribuatur:
608 2327 701 2368 east
732 2325 908 2368 omnino
939 2325 1129 2368 nominis
1161 2341 1335 2383 expers3

281 2410 367 2452 qua
396 2410 537 2452 neque
566 2396 773 2440 mobilius
806 2397 1037 2454 quicquam
1068 2413 1207 2455 neque
1238 2399 1412 2442 tenuius
1445 2402 1564 2443 extat

279 2482 358 2511 1166
387 2468 528 2525 magis
559 2483 581 2511 6
611 2469 760 2524 paruis
793 2471 836 2511 et
866 2468 1038 2512 leuibus
1071 2484 1122 2512 ex
1154 2470 1397 2527 elementis3

131 2549 200 2583 245
282 2539 514 2583 sensiferos
545 2542 691 2583 motus
725 2555 834 2597 quae
865 2541 976 2584 didit
1006 2541 1147 2597 prima
1177 2557 1254 2598 per
1285 2545 1424 2585 artus:

279 2611 419 2668 prima
449 2611 586 2655 cietur
617 2613 749 2670 enim,
779 2613 927 2669 paruis
958 2613 1148 2669 perfecta
1178 2614 1353 2672 figuris,

278 2682 377 2727 inde
407 2684 524 2727 calor
553 2687 699 2728 motus
731 2688 774 2727 et
806 2685 926 2728 uenti
958 2699 1081 2728 caeca
1111 2689 1306 2742 potestas

279 2755 452 2813 accipit,
482 2756 581 2799 inde
612 2771 702 2814 aer3
733 2756 832 2799 inde
863 2757 1009 2800 omnia
1039 2757 1362 2815 mobilitantur,

279 2828 524 2871 concutitur
555 2829 752 2886 sanguis,
782 2831 877 2872 tum
907 2829 1075 2872 uiscera
1106 2829 1428 2886 persentiscunt

128 2909 199 2942 250
279 2899 441 2957 01111116,
471 2901 704 2956 postremis
737 2901 865 2944 datur
897 2901 1068 2944 ossibus
1100 2904 1231 2958 atque
1263 2902 1462 2945 medullis

278 2971 370 3014 siue
400 2971 604 3028 uoluptas
637 2975 703 3015 est
735 2973 827 3016 siue
858 2975 925 3016 est
956 2974 1198 3016 contrarius
1231 2973 1368 3017 ardor.

1653 2076 1665 2098 7

223 3104 292 3136 222
311 3102 504 3147 unguente
516 3101 553 3137 Α
577 3104 652 3138 -tes
671 3103 725 3139 B:
752 3104 844 3140 verb.
859 3104 907 3140 It.
995 3107 1064 3138 224
1083 3103 1162 3139 nilo
1177 3104 1226 3140 N.
1241 3103 1468 3151 Heins(ius):
1494 3105 1549 3141 nil
1638 3110 1706 3141 232
1721 3108 1847 3143 tenus:

126 3148 221 3184 verb.
235 3147 291 3184 A*
363 3152 432 3184 236
452 3148 552 3185 inter
571 3160 656 3186 eum
674 3151 820 3198 doppelt
838 3152 919 3187 AB
944 3173 990 3178 —
1014 3151 1175 3187 multam
1195 3151 1318 3196 queri:
1346 3153 1439 3189 verb.
1459 3153 1516 3188 A'
1591 3158 1660 3189 239
1685 3154 1846 3201 recepit:

127 3196 220 3232 verb.
240 3196 297 3232 A’
369 3200 438 3232 243
457 3196 598 3234 tenuis:
619 3199 712 3235 verb.
731 3200 780 3236 It.
855 3203 925 3236 249
944 3201 1027 3235 tum
1046 3199 1200 3245 sanguis
1220 3199 1365 3236 viscera
1382 3201 1670 3247 persentisiunt:
1691 3203 1783 3239 verb.
1799 3204 1846 3239 It.
