2092 3438
15 368 17 370 ’
89 379 160 413 885

91 1100 162 1134 895

91 1462 160 1495 900

91 1822 161 1876 9⁰⁵.

92 2183 163 2215 910

92 2542 161 2576 915

91 2902 162 2934 920

756 186 900 223 LIBER
923 185 1141 222 TERTIUS.

238 296 339 341 hinc
368 296 621 354 indignatur
651 310 696 339 se
726 296 954 339 mortalem
985 310 1078 339 esse
1109 298 1318 353 creatum,

237 382 317 412 nec
347 368 467 412 uidet
497 368 544 410 in
573 382 676 411 uera
705 367 876 411 nullum
905 368 999 411 fore
1030 370 1169 411 morte
1202 368 1335 411 alium
1366 383 1430 426 se,

242 440 318 496 qui
347 441 489 497 possit
519 439 646 483 uiuos
679 439 763 483 sibi
795 455 840 483 se
871 440 1019 497 lugere
1050 442 1339 497 peremptum,

239 515 444 569 stansque
473 511 683 555 iacentem
715 526 760 555 se
790 511 969 555 lacerari
1000 512 1122 554 uriue
1154 511 1308 555 dolere.

237 599 339 628 nam
371 584 408 627 si
437 583 485 626 in
514 586 654 627 morte
685 583 889 626 malumst
919 583 1045 626 malis
1077 598 1311 640 morsuque
1341 585 1529 627 ferarum

240 655 437 715 tractari,
466 669 556 699 non
585 655 758 699 invenio
791 656 866 712 qui
896 671 986 699 non
1017 655 1074 698 sit
1105 655 1307 699 acerbum

240 727 416 786 ignibus
447 727 688 784 inpositum
719 727 868 771 calidis
900 730 1135 771 torrescere
1167 727 1370 785 flammis,

240 802 316 844 aut
346 799 390 843 in
422 800 549 843 melle
581 799 714 842 situm
746 800 964 858 suffocari,
994 803 1124 856 atque
1155 800 1294 857 rigere

239 871 418 930 frigore,
449 886 547 915 cum
579 886 748 915 summo
780 872 911 929 gelidi
943 872 1072 915 cubat
1104 886 1288 929 aequore
1319 872 1430 929 saxi,

238 943 439 1002 urgeriue
469 958 653 1000 superne
686 943 898 987 obtritum
928 945 1117 1000 pondere
1147 946 1299 988 terrae.

300 1015 406 1060 ‘Iam
435 1016 522 1059 iam
551 1031 642 1059 non
673 1016 824 1060 domus
856 1017 1036 1073 accipiet
1067 1019 1110 1059 te
1141 1016 1274 1074 laeta,
1303 1032 1442 1073 neque
1473 1032 1582 1059 uxor

241 1088 407 1149 optima
435 1102 514 1132 nec
545 1088 688 1132 dulces
721 1092 944 1132 occurrent
976 1089 1121 1132 oscula
1150 1089 1244 1132 nati

240 1161 486 1218 praeripere
516 1163 560 1203 et
590 1161 724 1204 tacita
755 1163 904 1218 pectus
936 1161 1157 1204 dulcedine
1187 1164 1379 1218 tangent.

239 1247 330 1277 non
358 1233 522 1290 poteris
553 1232 679 1276 factis
711 1233 967 1276 florentibus
1000 1247 1092 1276 esse
1122 1233 1297 1290 tuisque

241 1305 513 1362 praesidium.
574 1304 731 1348 misero
762 1305 933 1348 misere'
967 1306 1089 1348 aiunt
1121 1305 1283 1348 ‘omnia
1314 1305 1472 1348 ademit

240 1392 327 1422 una
357 1377 448 1421 dies
478 1376 635 1420 infesta
666 1377 749 1420 tibi
779 1379 848 1420 tot
879 1378 1071 1433 praemia
1101 1377 1246 1420 uitae.’

237 1449 346 1494 illud
375 1450 424 1493 in
452 1449 522 1492 his
553 1449 683 1492 rebus
713 1463 804 1492 non
834 1449 1014 1492 addunt:
1047 1449 1139 1493 ‘nec
1168 1449 1253 1492 tibi
1284 1464 1431 1493 earum

239 1522 328 1565 iam
357 1521 615 1564 desiderium
645 1535 790 1564 rerum
822 1536 950 1578 super
980 1521 1140 1564 insidet
1172 1521 1286 1565 una?

242 1593 359 1651 quod
387 1593 497 1637 bene
527 1593 566 1636 si
596 1593 773 1636 uideant
804 1594 947 1636 animo
980 1593 1191 1650 dictisque
1223 1596 1478 1651 sequantur,

239 1665 481 1710 dissoluant
511 1665 644 1708 animi
674 1679 833 1722 magno
867 1679 912 1708 se
945 1679 1104 1722 angore
1134 1668 1349 1722 metuque.
1378 1692 1433 1696 —

241 1739 307 1781 ‘tu
337 1737 511 1795 quidem
541 1739 592 1780 ut
623 1752 667 1780 es
697 1737 787 1780 leto
820 1737 1007 1795 sopitus,
1040 1738 1101 1781 sic
1133 1738 1218 1781 eris
1251 1738 1346 1781 aeui

241 1809 358 1868 quod
387 1825 516 1867 super
547 1812 613 1853 est
643 1809 809 1853 cunctis
841 1810 1040 1866 priuatus
1073 1810 1296 1854 doloribus
1327 1810 1486 1868 aegris:

239 1885 285 1927 at
314 1897 396 1926 nos
425 1882 630 1926 horrifico
662 1882 922 1925 cinefactum
952 1885 996 1925 te
1027 1897 1162 1939 prope
1192 1883 1323 1926 busto

238 1954 546 1999 insatiabiliter
577 1954 848 2012 defleuimus,
879 1957 1186 2011 aeternumque

239 2027 360 2071 nulla
390 2027 480 2070 dies
510 2026 639 2070 nobis
670 2041 882 2070 merorem
914 2041 936 2069 e
966 2029 1140 2083 pectore
1171 2027 1338 2070 demet?

241 2099 351 2142 illud
380 2099 435 2142 ab
465 2098 550 2142 hoc
578 2099 716 2156 igitur
747 2099 1100 2157 quaerendumst,
1131 2099 1236 2156 quid
1266 2100 1324 2142 sit
1355 2100 1490 2143 amari

241 2173 364 2214 tanto
395 2185 542 2228 opere,
573 2171 626 2214 ad
657 2185 856 2214 somnum
889 2172 926 2214 si
957 2186 1026 2214 res
1056 2171 1169 2214 redit
1201 2173 1331 2228 atque
1363 2171 1571 2229 quietem,

239 2257 316 2286 cur
347 2243 577 2300 quisquam
609 2245 783 2287 aeterno
815 2243 956 2299 possit
988 2243 1207 2287 tabescere
1237 2243 1369 2286 luctu.
1406 2269 1461 2274 -

238 2315 322 2359 hoc
352 2315 484 2358 etiam
501 2312 679 2359 'faciunt
710 2315 786 2358 ubi
818 2316 1070 2359 discubuere
1100 2318 1336 2372 tenentque

238 2387 394 2445 pocula
425 2402 551 2444 saepe
580 2387 780 2431 homines
811 2391 855 2431 et
886 2388 1137 2432 inumbrant
1169 2403 1244 2431 ora
1276 2387 1466 2445 coronis,

239 2474 292 2503 ex
322 2460 466 2503 animo
498 2462 548 2503 ut
579 2459 724 2503 dicant
755 2460 916 2504 ‘breuis
946 2461 1018 2504 hic
1049 2463 1115 2504 est
1146 2461 1314 2503 fructus
1345 2459 1568 2503 homullis:

239 2531 327 2575 iam
357 2531 508 2590 fuerit,
536 2546 675 2588 neque
706 2535 808 2588 post
839 2548 1045 2589 umquam
1076 2547 1278 2576 reuocare
1308 2531 1484 2575 licebit?

241 2606 463 2660 tamquam
493 2604 541 2647 in
571 2607 711 2647 morte
741 2605 846 2647 mali
877 2619 974 2648 cum
1005 2605 1157 2661 primis
1187 2604 1272 2647 hoc
1304 2604 1362 2647 sit
1392 2619 1561 2662 eorum,

241 2675 356 2732 quod
387 2675 485 2719 sitis
516 2679 669 2719 exurat
699 2676 880 2720 miseros
913 2679 1044 2733 atque
1076 2677 1195 2720 arida
1226 2679 1384 2734 torrat,

240 2750 316 2791 aut
346 2747 456 2791 aliae
487 2748 609 2791 cuius
642 2748 900 2792 desiderium
930 2749 1116 2793 insideat
1146 2749 1219 2792 rei.

239 2833 318 2862 nec
349 2819 433 2862 sibi
465 2820 578 2863 enim
611 2821 841 2877 quisquam
872 2824 967 2864 tum
998 2836 1044 2864 se
1075 2821 1298 2878 uitamque
1329 2820 1532 2877 requirit,

241 2905 338 2934 cum
367 2891 531 2947 pariter
561 2907 682 2935 mens
714 2895 757 2935 et
789 2907 945 2949 corpus
978 2894 1122 2950 sopita
1153 2894 1396 2950 quiescunt:

186 3000 255 3034 886
282 2996 359 3033 cui:
386 2998 478 3033 verb.
499 2998 546 3034 It.
621 3001 689 3034 887
718 3010 757 3034 se
782 3011 852 3046 cry.
867 3000 915 3035 It.
937 3021 981 3026 —
1003 2999 1132 3035 dolore
1151 3000 1188 3035 A
1213 3010 1308 3035 -rem
1334 2999 1387 3034 B:
1414 2999 1507 3034 verb.
1527 2999 1574 3035 It.

1753 185 1811 228 25

1649 3002 1718 3034 890
1738 3001 1813 3035 tor-

89 3055 314 3081 reresecere:
346 3046 439 3081 verb.
465 3046 513 3081 1t.
647 3049 717 3082 893
748 3047 941 3083 obrutum:
976 3048 1069 3084 verb.
1091 3049 1198 3084 Pont.
1221 3047 1323 3083 Mar.
1459 3050 1529 3082 894
1560 3046 1715 3082 iamiam
1746 3048 1812 3084 It.:

91 3091 231 3129 amiam
242 3093 333 3129 AN
353 3092 560 3128 uimiamB
632 3097 701 3130 897
728 3094 838 3131 facti:
860 3096 954 3131 verb.
974 3095 1031 3131 13²
1105 3099 1173 3131 902
1200 3095 1301 3140 quod
1326 3095 1448 3131 Nica:

1475 3106 1550 3140 quo
1619 3099 1687 3130 906
1714 3094 1813 3131 cine-

90 3139 234 3176 factum
252 3141 352 3178 Non.
367 3152 407 3187 p.
428 3143 493 3177 93:
514 3140 780 3178 cinemfactum
861 3146 930 3179 908
950 3154 970 3179 e
988 3143 1060 3179 B²:
1088 3144 1126 3179 et
1206 3146 1275 3178 910
1296 3142 1327 3178 si
1346 3141 1417 3178 21²:
1445 3153 1484 3178 se
1565 3146 1633 3178 914
1660 3142 1812 3179 fluctus:

91 3189 183 3225 verb.
203 3189 251 3226 It.
338 3192 405 3224 917
432 3190 553 3225 torrat
576 3189 740 3226 A'BN:
765 3192 886 3227 torret
903 3192 939 3227 A
964 3193 1084 3228 torres
1109 3191 1259 3228 Lachm.
1347 3194 1415 3226 919
1441 3190 1624 3236 requiret:
1651 3191 1743 3227 verb.
1764 3192 1811 3227 It.
