2092 3438
333 230 388 272 28
721 231 760 266 Τ.
787 230 993 267 LUORETI
1017 231 1129 268 CARI
1153 232 1217 267 DE
1243 232 1414 268 RERUM
1438 232 1639 268 NATURA

480 342 554 382 aut
585 340 668 382 alia
699 339 852 395 quauis
884 340 1082 382 scindunt
1113 341 1346 396 cuppedine
1376 356 1512 384 curae.

357 422 424 453 995
481 410 691 466 Sisyphus
722 412 769 453 in
798 411 891 453 uita
921 426 1090 467 quoque
1118 412 1245 455 nobis
1276 415 1375 455 ante
1406 413 1552 455 oculos
1583 416 1667 470 est,

481 482 554 537 qui
585 485 728 538 petere
759 496 783 524 a
813 482 972 538 populo
1003 483 1138 526 fasces
1171 498 1403 539 saeuasque
1435 498 1600 527 secures

478 553 669 610 imbibit,
700 558 743 595 et
775 568 938 609 semper
968 553 1108 596 uictus
1140 555 1364 610 tristisque
1394 555 1561 597 recedit.

478 639 579 666 nam
610 627 752 679 petere
783 625 1027 682 imperium,
1058 625 1173 680 quod
1202 625 1371 668 inanest
1399 640 1476 668 nec
1507 626 1632 668 datur
1662 632 1886 683 umquam,

481 698 609 751 atque
640 696 686 737 in
716 710 765 738 eo
799 710 964 751 semper
995 696 1148 738 durum
1180 697 1355 739 sufferre
1385 697 1594 754 laborem,

332 778 424 809 1000
478 766 560 809 1100
591 769 656 810 001
688 767 866 810 aduerso
897 767 1116 810 nixantem
1147 767 1317 810 trudere
1347 770 1492 810 monte

480 853 649 895 saxum,
680 839 794 894 quod
824 841 969 881 tamen
999 854 1022 881 e
1054 853 1219 881 summo
1250 839 1336 880 iam
1366 840 1525 882 uertice
1556 854 1704 883 rusum

480 910 673 952 uoluitur
704 912 747 952 et
778 909 896 965 plani
926 909 1086 965 raptim
1115 909 1226 964 petit
1257 924 1441 965 aequora
1472 910 1620 966 campi.

479 981 627 1024 deinde
660 980 789 1023 animi
820 981 1036 1037 ingratam
1065 983 1263 1023 naturam
1293 995 1464 1036 pascere
1495 996 1679 1039 semper,

479 1054 607 1107 atque
638 1051 807 1107 explere
838 1052 964 1095 bonis
995 1051 1123 1094 rebus
1156 1051 1395 1107 satiareque
1425 1067 1657 1108 numquam
1691 1078 1747 1084 —-

334 1134 422 1166 1005
480 1123 595 1178 quod
624 1123 787 1166 faciunt
817 1123 943 1166 nobis
975 1138 1184 1166 annorum
1215 1125 1428 1180 tempora,
1459 1124 1618 1166 circum

477 1210 575 1237 cum
606 1194 784 1237 redeunt
814 1195 1012 1250 fetusque
1042 1194 1187 1236 ferunt
1217 1194 1445 1250 uariosque
1475 1194 1661 1252 lepores,

474 1280 552 1308 nec
582 1267 727 1308 tamen
756 1265 974 1321 explemur
1005 1264 1111 1307 uitai
1143 1265 1354 1308 fructibus
1388 1281 1590 1322 umquam
1631 1291 1687 1296 —

476 1338 576 1393 hoc,
606 1339 655 1379 ut
686 1337 858 1394 opinor,
887 1336 931 1378 id
963 1339 1045 1393 est,
1077 1350 1182 1378 aeuo
1213 1335 1392 1379 florente
1417 1337 1581 1392 puellas

478 1408 590 1464 quod
621 1409 860 1450 memorant
890 1407 1063 1450 laticem
1093 1410 1317 1463 pertusum
1347 1422 1575 1465 congerere
1606 1407 1651 1450 in
1681 1422 1778 1466 uas,

331 1492 422 1523 1010
478 1480 593 1536 quod
622 1482 767 1522 tamen
797 1479 957 1534 expleri
986 1478 1107 1521 nulla
1137 1479 1304 1522 ratione
1333 1482 1541 1535 potestur.

476 1549 686 1593 Cerberus
718 1552 760 1592 01
791 1550 944 1592 Furiae
975 1550 1061 1592 iam
1091 1564 1215 1606 uero,
1245 1552 1289 1592 01
1318 1550 1426 1593 lucis
1459 1553 1643 1607 egestas,

477 1622 681 1664 Tartarus
711 1621 946 1664 horriferos
978 1623 1174 1664 eructans
1205 1621 1399 1664 faucibus
1431 1624 1596 1678 aestus3

478 1695 551 1749 qui
581 1708 718 1749 neque
750 1695 850 1735 sunt
881 1707 1062 1748 usquam
1092 1707 1169 1734 1100
1200 1694 1382 1748 possunt
1414 1707 1505 1735 esse
1535 1693 1746 1748 profecto:

478 1765 550 1808 sed
580 1767 720 1807 metus
751 1765 796 1806 in
827 1764 918 1806 uita
948 1778 1181 1819 poenarum
1210 1778 1290 1819 pro
1320 1764 1430 1806 male
1460 1764 1587 1806 factis

332 1848 421 1879 1015
477 1839 542 1879 est
573 1836 815 1892 insignibus
847 1835 1051 1892 insignis,
1081 1834 1336 1890 scelerisque
1365 1835 1494 1878 luella

477 1922 617 1950 031001
649 1910 690 1950 01
720 1906 941 1950 1101111111ἰο
971 1906 1022 1948 de
1055 1921 1156 1948 saxo
1189 1906 1326 1948 iactus
1358 1906 1556 1950 deorsum

475 1979 651 2022 verbera
682 1978 900 2021 carnifices
931 1977 1065 2020 robur
1095 1977 1169 2033 pix
1199 1977 1402 2020 lammina
1430 1978 1597 2034 taedae3

478 2065 586 2107 quae
616 2052 762 2092 tamen
791 2049 874 2091 etsi
905 2048 1081 2106 absunt,
1112 2050 1156 2090 at
1187 2063 1326 2106 mens,
1357 2048 1442 2091 sibi
1472 2049 1642 2091 conscia
1671 2049 1816 2106 factis,

475 2123 772 2178 praemetuens
804 2120 978 2162 adhibet
1010 2119 1207 2162 stimulos
1238 2122 1497 2175 torquetque
1527 2120 1729 2178 flagellis,

330 2206 420 2237 1020
474 2207 553 2236 nec
583 2193 699 2235 videt
729 2192 891 2234 11110103
923 2192 997 2247 qui
1028 2190 1237 2233 terminus
1268 2205 1361 2233 esse
1390 2191 1601 2234 malorum

474 2265 614 2321 possit
643 2278 721 2306 1100
752 2277 860 2319 quae
891 2263 948 2305 sit
979 2277 1212 2318 poenarum
1243 2261 1425 2317 denique
1454 2262 1572 2319 finis,

476 2339 604 2392 atque
635 2335 780 2378 eadem
811 2334 965 2376 metuit
995 2334 1133 2389 magis
1163 2333 1267 2375 haec
1297 2347 1351 2375 ne
1381 2334 1427 2375 in
1456 2335 1596 2375 morte
1626 2335 1890 2389 grauescunt.

473 2408 543 2450 hic
573 2406 808 2450 Acherusia
837 2405 889 2447 fit
921 2405 1153 2447 stultorum
1183 2404 1364 2459 denique
1394 2404 1496 2446 uita.

532 2478 627 2521 Hoc
658 2478 788 2520 etiam
818 2476 901 2518 tibi
931 2478 1024 2518 tute
1054 2475 1270 2518 interdum
1300 2475 1436 2517 dicere
1466 2475 1626 2531 possis:

329 2562 418 2594 1025
475 2550 652 2593 ‘lumina
684 2549 743 2591 sis
775 2548 910 2591 oculis
942 2547 1071 2589 etiam
1101 2546 1240 2588 bonus
1272 2545 1417 2588 Ancus
1448 2545 1643 2603 reliquit,

475 2622 549 2677 qui
580 2620 731 2663 melior
762 2619 911 2662 multis
944 2632 1071 2673 quam
1102 2620 1151 2659 tu
1181 2617 1283 2674 fuit,
1314 2615 1526 2673 improbe,
1555 2616 1715 2669 rebus„

474 2692 571 2735 inde
602 2692 677 2734 alii
707 2691 834 2734 multi
865 2702 987 2745 reges
1018 2703 1243 2744 rerumque
1273 2690 1470 2743 potentes

474 2763 735 2819 occiderunt,
764 2761 931 2818 magnis
964 2759 1037 2815 qui
1068 2759 1269 2816 gentibus
1299 2759 1612 2814 imperitarunt.

473 2835 546 2877 ille
578 2848 746 2890 quoque
777 2833 888 2889 ipse,
917 2831 1033 2876 uiam
1065 2831 1139 2886 qui
1170 2829 1383 2885 quondam
1413 2844 1490 2885 per
1519 2843 1636 2871 mare
1667 2843 1870 2886 magnum

326 2918 416 2948 1030
473 2906 629 2948 strauit
659 2905 826 2959 iterque
856 2902 970 2944 dedit
999 2901 1242 2957 legionibus
1274 2901 1335 2942 ire
1366 2915 1441 2955 per
1473 2900 1610 2942 altum

419 3014 489 3046 994
515 3009 715 3055 curpedine
739 3009 820 3043 AB
843 3006 1041 3053 turpedine
1066 3005 1160 3041 A²O
1182 3004 1365 3050 cupedine
1389 3004 1445 3039 B²
1470 3015 1582 3050 cupp-
1609 3005 1715 3040 Pom.
1813 3008 1881 3039 997
1906 3003 2024 3040 111011-

324 3069 413 3103 que:
452 3059 543 3093 verb.
565 3057 619 3092 B²
751 3059 819 3091 999
850 3055 1018 3089 laborem
1043 3052 1210 3087 sufferre:
1245 3052 1336 3087 verb.
1358 3051 1413 3086 13²
1545 3055 1634 3087 1001
1673 3062 1694 3086 e
1730 3062 1799 3098 erq.
1826 3051 1932 3087 Pom.
1953 3051 2022 3087 Av.

327 3109 417 3140 1009
432 3115 579 3150 cogere:
600 3102 762 3139 verb.B²
829 3106 920 3137 1010
933 3101 1027 3136 ulla:
1048 3099 1254 3135 verb.Nicc.
1324 3102 1412 3133 1011
1427 3098 1556 3134 funae:
1577 3098 1736 3134 verb.B²
1803 3101 1893 3134 1015
1907 3098 2024 3134 1110113

324 3153 490 3188 Lachm.:
516 3151 618 3186 111013
704 3154 794 3185 1016
821 3150 992 3185 deorsum
1016 3148 1162 3183 Lamb.:
1190 3157 1316 3181 eorum
1402 3149 1490 3180 1017
1518 3145 1702 3181 carnificis
1721 3145 1757 3180 B
1776 3166 1820 3171 —
1843 3145 2024 3181 lammina

325 3200 491 3236 Lachm.:
517 3197 697 3234 iammina
715 3197 796 3232 AB
819 3196 962 3232 lamina
981 3195 1036 3230 B²
1133 3197 1224 3228 1019
1249 3194 1400 3237 torquet
1417 3193 1560 3237 Heins„
1583 3194 1699 3228 terret
1715 3192 1882 3229 Lachm.:
1907 3194 2024 3228 torret
